@misc{condaforge2015,
    author= {conda-forge community},
    title = {{The conda-forge Project: Community-based Software
            Distribution Built on the conda Package Format
            and Ecosystem}},
    month        = jul,
    year         = 2015,
    publisher    = {Zenodo},
    doi          = {10.5281/zenodo.4774216},
    url          = {https://doi.org/10.5281/zenodo.4774216}
}

@conference{kluyver2016jupyter,
    Title = {Jupyter Notebooks -- a publishing format for reproducible
        computational workflows},
    Author = {Thomas Kluyver and Benjamin Ragan-Kelley and Fernando P{\'e}rez
        and Brian Granger and Matthias Bussonnier and Jonathan Frederic and
            Kyle Kelley and Jessica Hamrick and Jason Grout and Sylvain Corlay
            and Paul Ivanov and Dami{\'a}n Avila and Safia Abdalla and Carol
            Willing},
    Booktitle = {Positioning and Power in Academic Publishing: Players, Agents
        and Agendas},
    Editor = {F. Loizides and B. Schmidt},
    Organization = {IOS Press},
    Pages = {87 - 90},
    Year = {2016}
}

@article{gardner2022sustained,
    title={Sustained software development, not number of citations or journal
        choice, is indicative of accurate bioinformatic software},
    author={Gardner, Paul P and Paterson, James M and McGimpsey, Stephanie
        and Ashari-Ghomi, Fatemeh and Umu, Sinan U and Pawlik, Aleksandra
            and Gavryushkin, Alex and Black, Michael A},
    journal={Genome biology},
    volume={23},
    number={1},
    pages={1--13},
    year={2022},
    publisher={Springer}
}

@article{harris2020array,
    title={Array programming with {NumPy}},
    author={Harris, Charles R and Millman, K Jarrod and van der Walt,
        St{\'e}fan J and Gommers, Ralf and Virtanen, Pauli and Cournapeau,
        David and Wieser, Eric and Taylor, Julian and Berg, Sebastian and
            Smith, Nathaniel J and others},
    journal={Nature},
    volume={585},
    number={7825},
    pages={357--362},
    year={2020},
    publisher={Nature Publishing Group}
}

@article{garud2015recent,
    title={Recent selective sweeps in North American Drosophila melanogaster
        show signatures of soft sweeps},
    author={Garud, Nandita R and Messer, Philipp W and Buzbas, Erkan O and
        Petrov, Dmitri A},
    journal={PLoS genetics},
    volume={11},
    number={2},
    pages={e1005004},
    year={2015},
    publisher={Public Library of Science San Francisco, CA USA}
}

@InProceedings{mckinney2010data,
    author    = {Wes {M}c{K}inney },
    title     = { {D}ata {S}tructures for {S}tatistical {C}omputing in {P}ython },
    booktitle = { {P}roceedings of the 9th {P}ython in {S}cience {C}onference },
    pages     = { 56 - 61 },
    year      = { 2010 },
    editor    = { {S}t\'efan van der {W}alt and {J}arrod {M}illman},
}

@article{kelleher2013processing,
    title={Processing genome scale tabular data with wormtable},
    author={Kelleher, Jerome and Ness, Rob W and Halligan, Daniel L},
    journal={BMC bioinformatics},
    volume={14},
    number={1},
    pages={1--5},
    year={2013},
}

@article{danecek2011variant,
    title={The variant call format and {VCFtools}},
    author={Danecek, Petr and Auton, Adam and Abecasis, Goncalo and Albers,
        Cornelis A and Banks, Eric and DePristo, Mark A and Handsaker,
        Robert E and Lunter, Gerton and Marth, Gabor T and Sherry, Stephen
            T and others},
    journal={Bioinformatics},
    volume={27},
    number={15},
    pages={2156--2158},
    year={2011},
}

@article{kelleher2019htsget,
    title={htsget: a protocol for securely streaming genomic data},
    author={Kelleher, Jerome and Lin, Mike and Albach, Carl H and Birney,
        Ewan and Davies, Robert and Gourtovaia, Marina and Glazer, David
            and Gonzalez, Cristina Y and Jackson, David K and Kemp, Aaron
            and others},
    journal={Bioinformatics},
    volume={35},
    number={1},
    pages={119--121},
    year={2019},
    publisher={Oxford University Press}
}

@article{rehm2021ga4gh,
    title={{GA4GH}: International policies and standards for data sharing
        across genomic research and healthcare},
    author={Rehm, Heidi L and Page, Angela JH and Smith, Lindsay and Adams,
        Jeremy B and Alterovitz, Gil and Babb, Lawrence J and Barkley,
        Maxmillian P and Baudis, Michael and Beauvais, Michael JS and Beck,
        Tim and others},
    journal={Cell Genomics},
    volume={1},
    number={2},
    year={2021},
    publisher={Elsevier}
}

@article{danecek2021twelve,
    title={Twelve years of {SAMtools} and {BCFtools}},
    author={Danecek, Petr and Bonfield, James K and Liddle, Jennifer and
        Marshall, John and Ohan, Valeriu and Pollard, Martin O and
            Whitwham, Andrew and Keane, Thomas and McCarthy, Shane A and
            Davies, Robert M and others},
    journal={Gigascience},
    volume={10},
    number={2},
    pages={giab008},
    year={2021},
    publisher={Oxford University Press}
}

@article{li2009sequence,
    title={The sequence alignment/map format and SAMtools},
    author={Li, Heng and Handsaker, Bob and Wysoker, Alec and Fennell, Tim
        and Ruan, Jue and Homer, Nils and Marth, Gabor and Abecasis,
        Goncalo and Durbin, Richard and 1000 Genome Project Data Processing
            Subgroup},
    journal={bioinformatics},
    volume={25},
    number={16},
    pages={2078--2079},
    year={2009},
    publisher={Oxford University Press}
}

@article{bonfield2021htslib,
    title={{HTSlib}: {C} library for reading/writing high-throughput sequencing data},
    author={Bonfield, James K and Marshall, John and Danecek, Petr and Li,
        Heng and Ohan, Valeriu and Whitwham, Andrew and Keane, Thomas and
            Davies, Robert M},
    journal={Gigascience},
    volume={10},
    number={2},
    pages={giab007},
    year={2021},
    publisher={Oxford University Press}
}

@article{bonfield2014scramble,
    title={The Scramble conversion tool},
    author={Bonfield, James K},
    journal={Bioinformatics},
    volume={30},
    number={19},
    pages={2818},
    year={2014},
    publisher={Oxford University Press}
}

@article{bonfield2022cram,
    title={{CRAM 3.1}: advances in the {CRAM} file format},
    author={Bonfield, James K},
    journal={Bioinformatics},
    volume={38},
    number={6},
    pages={1497--1503},
    year={2022},
    publisher={Oxford University Press}
}

@article{rand2024bionumpy,
    title={BioNumPy: array programming for biology},
    author={Rand, Knut Dagestad and Grytten, Ivar and Pavlovi{\'c}, Milena
        and Kanduri, Chakravarthi and Sandve, Geir Kjetil},
    journal={Nature Methods},
    pages={1--2},
    year={2024},
    publisher={Nature Publishing Group US New York}
}

@article{moore2023ome,
    title={{OME-Zarr}: a cloud-optimized bioimaging file format with
        international community support},
    author={Moore, Josh and Basurto-Lozada, Daniela and Besson,
        S{\'e}bastien and Bogovic, John and Bragantini, Jord{\~a}o and
            Brown, Eva M and Burel, Jean-Marie and Casas Moreno, Xavier and
            de Medeiros, Gustavo and Diel, Erin E and others},
    journal={Histochemistry and Cell Biology},
    volume={160},
    number={3},
    pages={223--251},
    year={2023},
    publisher={Springer}
}

@article{darwin2022sequence,
    title={Sequence locally, think globally: The {Darwin Tree of Life
        Project}},
    author={{Darwin Tree of Life Project Consortium}},
    journal={Proceedings of the National Academy of Sciences},
    volume={119},
    number={4},
    pages={e2115642118},
    year={2022},
    publisher={National Acad Sciences}
}

@misc{lewin2022earth,
    title={The earth {BioGenome} project 2020: Starting the clock},
    author={Lewin, Harris A and Richards, Stephen and Aiden, Erez Lieberman
        and Allende, Miguel L and Archibald, John M and B{\'a}lint,
        Mikl{\'o}s and Barker, Katharine B and Baumgartner, Bridget and
            Belov, Katherine and Bertorelle, Giorgio and others},
    journal={Proceedings of the National Academy of Sciences},
    volume={119},
    number={4},
    year={2022},
    publisher={National Acad Sciences}
}

@article{purcell2007plink,
    title={{PLINK}: a tool set for whole-genome association and
        population-based linkage analyses},
    author={Purcell, Shaun and Neale, Benjamin and Todd-Brown, Kathe and
        Thomas, Lori and Ferreira, Manuel AR and Bender, David and Maller,
        Julian and Sklar, Pamela and De Bakker, Paul IW and Daly, Mark J
            and others},
    journal={The American journal of human genetics},
    volume={81},
    number={3},
    pages={559--575},
    year={2007},
    publisher={Elsevier}
}

@misc{miles2023scikit,
    author = {Alistair Miles and
            Murillo F. Rodrigues and Peter Ralph and Jerome Kelleher and Rahul Pisupati
            and Summer Rae and Tim Millar},
    title        = {cggh/scikit-allel: v1.3.6},
    year         = 2023,
    publisher    = {Zenodo},
    version      = {v1.3.6},
    doi          = {10.5281/zenodo.7946569},
    url          = {https://doi.org/10.5281/zenodo.7946569}
}

@article{hudson2002generating,
    author ={Richard R. Hudson},
    title = {Generating samples under a {Wright-Fisher} neutral model of genetic variation}, 
    year = {2002},
    journal = {Bioinformatics},
    volume = {18},
    number = {2},
    pages = {337--338},
}

@article{kelleher2016efficient,
  title={Efficient coalescent simulation and genealogical analysis for large sample sizes},
  author={Kelleher, Jerome and Etheridge, Alison M and McVean, Gilean},
  journal={PLoS computational biology},
  volume={12},
  number={5},
  pages={e1004842},
  year={2016},
  publisher={Public Library of Science}
}

@article{kelleher2018efficient,
    author = {Kelleher, Jerome AND Thornton, Kevin R. AND Ashander, Jaime AND
        Ralph, Peter L.},
    journal = {PLoS Computational Biology},
    publisher = {Public Library of Science},
    title = {Efficient pedigree recording for fast population genetics simulation},
    year = {2018},
    month = {11},
    volume = {14},
    pages = {1-21},
    number = {11},
}

@article{haller2018tree,
    title={Tree-sequence recording in {SLiM} opens new horizons for
        forward-time simulation of whole genomes},
    author={Haller, Benjamin C and Galloway, Jared and Kelleher, Jerome and
        Messer, Philipp W and Ralph, Peter L},
    journal={Molecular ecology resources},
    year={2018},
    publisher={Wiley Online Library}
}

@article{kelleher2019inferring,
  author = {Kelleher, Jerome and Wong, Yan and Wohns, Anthony W. 
      and Fadil, Chaimaa and Albers, Patrick K. and McVean, Gil},
  journal = {Nature Genetics},
  keywords = {methods tree_sequence tree_sequence_inference},
  number = 9,
  pages = {1330--1338},
  title = {Inferring whole-genome histories in large population datasets},
  volume = 51,
  year = 2019
}

@article{wohns2022unified,
    author = {Anthony Wilder Wohns  and Yan Wong  and Ben Jeffery  
        and Ali Akbari  and Swapan Mallick  and Ron Pinhasi  
            and Nick Patterson  and David Reich  
            and Jerome Kelleher  and Gil McVean },
    title = {A unified genealogy of modern and ancient genomes},
    journal = {Science},
    volume = {375},
    number = {6583},
    pages = {eabi8264},
    year = {2022},
}

@article{baumdicker2021efficient,
    author = {Baumdicker, Franz and Bisschop, Gertjan and Goldstein, Daniel 
        and Gower, Graham and Ragsdale, Aaron P and Tsambos, Georgia and Zhu, Sha 
        and Eldon, Bjarki and Ellerman, E Castedo and Galloway, Jared G 
        and Gladstein, Ariella L and Gorjanc, Gregor and Guo, Bing 
        and Jeffery, Ben and Kretzschumar, Warren W and Lohse, Konrad 
        and Matschiner, Michael and Nelson, Dominic and Pope, Nathaniel S 
        and Quinto-Cortés, Consuelo D and Rodrigues, Murillo F 
        and Saunack, Kumar and Sellinger, Thibaut and Thornton, Kevin 
        and van Kemenade, Hugo and Wohns, Anthony W and Wong, Yan 
        and Gravel, Simon and Kern, Andrew D and Koskela, Jere 
        and Ralph, Peter L and Kelleher, Jerome},
    title = {Efficient ancestry and mutation simulation with msprime 1.0},
    journal = {Genetics},
    volume = {220},
    number = {3},
    year = {2022},
    note = {iyab229},
}

@article{ralph2020efficiently,
    title={Efficiently summarizing relationships in large samples: a general
        duality between statistics of genealogies and genomes},
    author={Ralph, Peter and Thornton, Kevin and Kelleher, Jerome},
    journal={Genetics},
    volume={215},
    number={3},
    pages={779--797},
    year={2020},
    publisher={Oxford University Press}
}


@article{tskit2023tskit,
  title={Tskit: a portable library for population scale genealogical analysis},
  author={{Tskit developers}},
  journal={In preparation},
  year={2023},
}

@article{thornton2003libsequence,
  title    = {Libsequence: a {C++} class library for evolutionary genetic
              analysis},
  author   = {Thornton, Kevin R},
  journal  = "Bioinformatics",
  volume   =  19,
  number   =  17,
  pages    = "2325--2327",
  month    =  nov,
  year     =  2003,
}

@article{stajich2002bioperl,
    title={The Bioperl toolkit: Perl modules for the life sciences},
    author={Stajich, Jason E and Block, David and Boulez, Kris and Brenner,
        Steven E and Chervitz, Stephen A and Dagdigian, Chris and Fuellen,
        Georg and Gilbert, James GR and Korf, Ian and Lapp, Hilmar and
            others},
    journal={Genome research},
    volume={12},
    number={10},
    pages={1611--1618},
    year={2002},
    publisher={Cold Spring Harbor Lab}
}

@article{cock2009biopython,
    title={Biopython: freely available Python tools for computational
        molecular biology and bioinformatics},
    author={Cock, Peter JA and Antao, Tiago and Chang, Jeffrey T and
        Chapman, Brad A and Cox, Cymon J and Dalke, Andrew and Friedberg,
        Iddo and Hamelryck, Thomas and Kauff, Frank and Wilczynski, Bartek
            and others},
    journal={Bioinformatics},
    volume={25},
    number={11},
    pages={1422--1423},
    year={2009},
    publisher={Oxford University Press}
}

@article{excoffier2005arlequin,
    title={Arlequin (version 3.0): an integrated software package for
        population genetics data analysis},
    author={Excoffier, Laurent and Laval, Guillaume and Schneider, Stefan},
    journal={Evolutionary bioinformatics},
    volume={1},
    year={2005},
}

@article{excoffier2010arlequin,
    title={Arlequin suite ver 3.5: a new series of programs to perform
        population genetics analyses under {Linux} and {Windows}},
    author={Excoffier, Laurent and Lischer, Heidi EL},
    journal={Molecular ecology resources},
    volume={10},
    number={3},
    pages={564--567},
    year={2010},
    publisher={Wiley Online Library}
}

@article{excoffier2006computer,
    title={Computer programs for population genetics data analysis: a
        survival guide},
    author={Excoffier, Laurent and Heckel, Gerald},
    journal={Nature Reviews Genetics},
    volume={7},
    number={10},
    pages={745--758},
    year={2006},
    publisher={Nature Publishing Group UK London}
}

@article{patterson2012ancient,
    title={Ancient admixture in human history},
    author={Patterson, Nick and Moorjani, Priya and Luo, Yontao and
        Mallick, Swapan and Rohland, Nadin and Zhan, Yiping and
            Genschoreck, Teri and Webster, Teresa and Reich, David},
    journal={Genetics},
    volume={192},
    number={3},
    pages={1065--1093},
    year={2012},
    publisher={Oxford University Press}
}

@article{pritchard2000inference,
    title={Inference of population structure using multilocus genotype data},
    author={Pritchard, Jonathan K and Stephens, Matthew and Donnelly,
        Peter},
    journal={Genetics},
    volume={155},
    number={2},
    pages={945--959},
    year={2000},
    publisher={Oxford University Press}
}

@article{uffelmann2021genome,
    title={Genome-wide association studies},
    author={Uffelmann, Emil and Huang, Qin Qin and Munung, Nchangwi Syntia
        and De Vries, Jantina and Okada, Yukinori and Martin, Alicia R and
            Martin, Hilary C and Lappalainen, Tuuli and Posthuma,
        Danielle},
    journal={Nature Reviews Methods Primers},
    volume={1},
    number={1},
    pages={59},
    year={2021},
    publisher={Nature Publishing Group UK London}
}

@article{backman2021exome,
    title={Exome sequencing and analysis of 454,787 UK Biobank participants},
    author={Backman, Joshua D and Li, Alexander H and Marcketta, Anthony
        and Sun, Dylan and Mbatchou, Joelle and Kessler, Michael D and
            Benner, Christian and Liu, Daren and Locke, Adam E and
            Balasubramanian, Suganthi and others},
    journal={Nature},
    volume={599},
    number={7886},
    pages={628--634},
    year={2021},
    publisher={Nature Publishing Group UK London}
}

@article{lek2016analysis,
    title={Analysis of protein-coding genetic variation in 60,706 humans},
    author={Lek, Monkol and Karczewski, Konrad J and Minikel, Eric V and
        Samocha, Kaitlin E and Banks, Eric and Fennell, Timothy and
            O’Donnell-Luria, Anne H and Ware, James S and Hill, Andrew J
            and Cummings, Beryl B and others},
    journal={Nature},
    volume={536},
    number={7616},
    pages={285--291},
    year={2016},
    publisher={Nature Publishing Group UK London}
}

@article{halldorsson2022sequences,
    title={The sequences of 150,119 genomes in the UK Biobank},
    author={Halldorsson, Bjarni V and Eggertsson, Hannes P and Moore,
        Kristjan HS and Hauswedell, Hannes and Eiriksson, Ogmundur and
            Ulfarsson, Magnus O and Palsson, Gunnar and Hardarson, Marteinn
            T and Oddsson, Asmundur and Jensson, Brynjar O and others},
    journal={Nature},
    volume={607},
    number={7920},
    pages={732--740},
    year={2022},
    publisher={Nature Publishing Group UK London}
}

@article{browning2018one,
    title={A one-penny imputed genome from next-generation reference panels},
    author={Browning, Brian L and Zhou, Ying and Browning, Sharon R},
    journal={The American Journal of Human Genetics},
    volume={103},
    number={3},
    pages={338--348},
    year={2018},
    publisher={Elsevier}
}

@article{howie2011genotype,
    title={Genotype imputation with thousands of genomes},
    author={Howie, Bryan and Marchini, Jonathan and Stephens, Matthew},
    journal={G3: Genes| Genomes| Genetics},
    volume={1},
    number={6},
    pages={457--470},
    year={2011},
    publisher={Oxford University Press}
}

@article{zhou2018efficiently,
    title={Efficiently controlling for case-control imbalance and sample
        relatedness in large-scale genetic association studies},
    author={Zhou, Wei and Nielsen, Jonas B and Fritsche, Lars G and Dey,
        Rounak and Gabrielsen, Maiken E and Wolford, Brooke N and LeFaive,
        Jonathon and VandeHaar, Peter and Gagliano, Sarah A and Gifford,
        Aliya and others},
    journal={Nature genetics},
    volume={50},
    number={9},
    pages={1335--1341},
    year={2018},
    publisher={Nature Publishing Group US New York}
}

@article{loh2015efficient,
    title={Efficient Bayesian mixed-model analysis increases association
        power in large cohorts},
    author={Loh, Po-Ru and Tucker, George and Bulik-Sullivan, Brendan K and
        Vilhj{\'a}lmsson, Bjarni J and Finucane, Hilary K and Salem, Rany M
            and Chasman, Daniel I and Ridker, Paul M and Neale, Benjamin M
            and Berger, Bonnie and others},
    journal={Nature genetics},
    volume={47},
    number={3},
    pages={284--290},
    year={2015},
    publisher={Nature Publishing Group US New York}
}

@article{mbatchou2021computationally,
    title={Computationally efficient whole-genome regression for quantitative
        and binary traits},
    author={Mbatchou, Joelle and Barnard, Leland and Backman, Joshua and
        Marcketta, Anthony and Kosmicki, Jack A and Ziyatdinov, Andrey and
            Benner, Christian and O’Dushlaine, Colm and Barber, Mathew and
            Boutkov, Boris and others},
    journal={Nature genetics},
    volume={53},
    number={7},
    pages={1097--1103},
    year={2021},
    publisher={Nature Publishing Group US New York}
}

@article{hill2010understanding,
    title={Understanding and using quantitative genetic variation},
    author={Hill, William G},
    journal={Philosophical Transactions of the Royal Society B:
        Biological Sciences},
    volume={365},
    number={1537},
    pages={73--85},
    year={2010},
    publisher={The Royal Society}
}

@article{pedersen2017cyvcf2,
    title={cyvcf2: fast, flexible variant analysis with {Python}},
    author={Pedersen, Brent S and Quinlan, Aaron R},
    journal={Bioinformatics},
    volume={33},
    number={12},
    pages={1867--1869},
    year={2017},
    publisher={Oxford University Press}
}

@article{wilson2010ecologist,
    title={An ecologist’s guide to the animal model},
    author={Wilson, Alastair J and Reale, Denis and Clements, Michelle N
        and Morrissey, Michael M and Postma, Erik and Walling, Craig A and
            Kruuk, Loeske EB and Nussey, Daniel H},
    journal={Journal of animal ecology},
    volume={79},
    number={1},
    pages={13--26},
    year={2010},
    publisher={Wiley Online Library}
}

@article{butler2009asreml,
    title={{ASReml-R} reference manual},
    author={Butler, DG and Cullis, Brian R and Gilmour, AR and Gogel, BJ},
    journal={The State of Queensland, Department of Primary Industries
        and Fisheries, Brisbane},
    year={2009},
    publisher={Citeseer}
}

@article{hadfield2010mcmc,
    title={{MCMC} methods for multi-response generalized linear mixed models:
        the {MCMCglmm R} package},
    author={Hadfield, Jarrod D},
    journal={Journal of statistical software},
    volume={33},
    pages={1--22},
    year={2010}
}

@article{rohde2020qgg,
    title={qgg: an {R} package for large-scale quantitative genetic analyses},
    author={Rohde, Palle Duun and Fourie S{\o}rensen, Izel and S{\o}rensen,
        Peter},
    journal={Bioinformatics},
    volume={36},
    number={8},
    pages={2614--2615},
    year={2020},
    publisher={Oxford University Press}
}

@article{endelman2011ridge,
    title={Ridge regression and other kernels for genomic selection with {R}
        package {rrBLUP}},
    author={Endelman, Jeffrey B},
    journal={The plant genome},
    volume={4},
    number={3},
    year={2011},
    publisher={Wiley Online Library}
}

@article{bernardo2008molecular,
    title={Molecular markers and selection for complex traits in plants:
        learning from the last 20 years},
    author={Bernardo, Rex},
    journal={Crop science},
    volume={48},
    number={5},
    pages={1649--1664},
    year={2008},
    publisher={Wiley Online Library}
}

@article{hayes20191000,
    title={1000 bull genomes project to map simple and complex genetic traits
        in cattle: applications and outcomes},
    author={Hayes, Ben J and Daetwyler, Hans D},
    journal={Annual review of animal biosciences},
    volume={7},
    pages={89--102},
    year={2019},
    publisher={Annual Reviews}
}

@article{cesarani2022mulibreed,
  title = {Multibreed genomic evaluation for production traits of 
      dairy cattle in the {U}nited {S}tates using single-step genomic 
          best linear unbiased predictor},
  journal = {Journal of Dairy Science},
  volume = {105},
  number = {6},
  pages = {5141-5152},
  year = {2022},
  author = {Cesarani, A and Lourenco, D and Tsuruta, S 
      and Legarra, A and Nicolazzi, E L and VanRaden, P M and Misztal, I},
}

@article{anderson2023genes,
	title={On the genes, genealogies, and geographies of Quebec},
	author={Anderson-Trocm{\'e}, Luke and Nelson, Dominic and Zabad, Shadi 
		and Diaz-Papkovich, Alex and Kryukov, Ivan and Baya, Nikolas 
			and Touvier, Mathilde and Jeffery, Ben and Dina, Christian 
			and V{\'e}zina, H{\'e}l{\`e}ne and Kelleher, Jerome
			and Gravel, Simon},
	journal={Science},
	volume={380},
	number={6647},
	pages={849--855},
	year={2023},
}

@article{younis2023chromax,
    title={ChromaX: a fast and scalable breeding program simulator},
    author={Younis, Omar G and Turchetta, Matteo and Ariza Suarez, Daniel
        and Yates, Steven and Studer, Bruno and Athanasiadis, Ioannis N and
            Krause, Andreas and Buhmann, Joachim M and Corinzia, Luca},
    journal={Bioinformatics},
    volume={39},
    number={12},
    pages={btad691},
    year={2023},
}

@article{durbin2014efficient,
    title={Efficient haplotype matching and storage using the positional
        Burrows--Wheeler transform (PBWT)},
    author={Durbin, Richard},
    journal={Bioinformatics},
    volume={30},
    number={9},
    pages={1266--1272},
    year={2014},
    publisher={Oxford University Press}
}

@article{li2016bgt,
    title={{BGT:} efficient and flexible genotype query across many samples},
    author={Li, Heng},
    journal={Bioinformatics},
    volume={32},
    number={4},
    pages={590--592},
    year={2016},
    publisher={Oxford University Press}
}

@article{layer2016efficient,
    title={Efficient genotype compression and analysis of large
        genetic-variation data sets},
    author={Layer, Ryan M and Kindlon, Neil and Karczewski, Konrad J and
        {Exome Aggregation Consortium} and Quinlan, Aaron R},
    journal={Nature methods},
    volume={13},
    number={1},
    pages={63--65},
    year={2016},
    publisher={Nature Publishing Group US New York}
}

@article{wertenbroek2022xsi,
    title={{XSI}--a genotype compression tool for compressive genomics in large
        biobanks},
    author={Wertenbroek, Rick and Rubinacci, Simone and Xenarios, Ioannis
        and Thoma, Yann and Delaneau, Olivier},
    journal={Bioinformatics},
    volume={38},
    number={15},
    pages={3778--3784},
    year={2022},
    publisher={Oxford University Press}
}

@article{danek2018gtc,
    title={{GTC}: how to maintain huge genotype collections in a compressed
        form},
    author={Danek, Agnieszka and Deorowicz, Sebastian},
    journal={Bioinformatics},
    volume={34},
    number={11},
    pages={1834--1840},
    year={2018},
    publisher={Oxford University Press}
}

@article{lefaive2021sparse,
    title={Sparse allele vectors and the savvy software suite},
    author={LeFaive, Jonathon and Smith, Albert V and Kang, Hyun Min and
        Abecasis, Goncalo},
    journal={Bioinformatics},
    volume={37},
    number={22},
    pages={4248--4250},
    year={2021},
    publisher={Oxford University Press}
}

@article{lin2020sparse,
    title={{Sparse} {Project} {VCF}: efficient encoding of population genotype
        matrices},
    author={Lin, Michael F and Bai, Xiaodong and Salerno, William J and
        Reid, Jeffrey G},
    journal={Bioinformatics},
    volume={36},
    number={22-23},
    pages={5537--5538},
    year={2020},
    publisher={Oxford University Press}
}

@article{band2018bgen,
    title={{BGEN}: a binary file format for imputed genotype and haplotype
        data},
    author={Band, Gavin and Marchini, Jonathan},
    journal={BioRxiv},
    pages={308296},
    year={2018},
    publisher={Cold Spring Harbor Laboratory}
}

@article{bycroft2018genome,
    title={The {UK} {Biobank} resource with deep phenotyping and genomic data},
    author={Bycroft, Clare and Freeman, Colin and Petkova, Desislava and
         Band, Gavin and Elliott, Lloyd T and Sharp, Kevin and Motyer, Allan
             and Vukcevic, Damjan and Delaneau, Olivier and O'Connell, Jared
             and others},
    journal={Nature},
    volume={562},
    pages={203–209},
    year={2018},
}

@article{deorowicz2019gtshark,
    title={GTShark: genotype compression in large projects},
    author={Deorowicz, Sebastian and Danek, Agnieszka},
    journal={Bioinformatics},
    volume={35},
    number={22},
    pages={4791--4793},
    year={2019},
    publisher={Oxford University Press}
}

@article{deorowicz2013genome,
    title={Genome compression: a novel approach for large collections},
    author={Deorowicz, Sebastian and Danek, Agnieszka and Grabowski, Szymon},
    journal={Bioinformatics},
    volume={29},
    number={20},
    pages={2572--2578},
    year={2013},
    publisher={Oxford University Press}
}

@article{tatwawadi2016gtrac,
    title={{GTRAC:} fast retrieval from compressed collections of genomic
        variants},
    author={Tatwawadi, Kedar and Hernaez, Mikel and Ochoa, Idoia and
        Weissman, Tsachy},
    journal={Bioinformatics},
    volume={32},
    number={17},
    pages={i479--i486},
    year={2016},
    publisher={Oxford University Press}
}

@inproceedings{nothaft2015rethinking,
    title={Rethinking data-intensive science using scalable analytics systems},
    author={Nothaft, Frank Austin and Massie, Matt and Danford, Timothy and Zhang, Zhao and Laserson, Uri 
        and Yeksigian, Carl and Kottalam, Jey and Ahuja, Arun 
        and Hammerbacher, Jeff and Linderman, Michael and others},
    booktitle={Proceedings of the 2015 ACM SIGMOD International Conference on Management of Data},
    pages={631--646},
    year={2015}
}

@article{conomos2016model,
    title={Model-free estimation of recent genetic relatedness},
    author={Conomos, Matthew P and Reiner, Alexander P and Weir, Bruce S and Thornton, Timothy A},
    journal={The American Journal of Human Genetics},
    volume={98},
    number={1},
    pages={127--148},
    year={2016},
    publisher={Elsevier}
}


@article{weir2017unified,
    title={A unified characterization of population structure and relatedness},
    author={Weir, Bruce S and Goudet, J{\'e}r{\^o}me},
    journal={Genetics},
    volume={206},
    number={4},
    pages={2085--2103},
    year={2017},
    publisher={Oxford University Press}
}

@article{cheng2020estimation,
    title={Estimation of non-null {SNP} effect size distributions 
        enables the detection of enriched genes underlying complex traits},
    author={Cheng, Wei and Ramachandran, Sohini and Crawford, Lorin},
    journal={PLoS genetics},
    volume={16},
    number={6},
    pages={e1008855},
    year={2020},
    publisher={Public Library of Science San Francisco, CA USA}
}

@article{vanraden2008efficient,
    title={Efficient methods to compute genomic predictions},
    author={VanRaden, Paul M},
    journal={Journal of dairy science},
    volume={91},
    number={11},
    pages={4414--4423},
    year={2008},
    publisher={Elsevier}
}

@article{ashraf2016estimating,
    title={Estimating genomic heritabilities at the level of family-pool 
        samples of perennial ryegrass using genotyping-by-sequencing},
    author={Ashraf, Bilal Hassan and Byrne, Stephen and F{\'e}, Dario and 
        Czaban, Adrian and Asp, Torben and Pedersen, Morten G and 
        Lenk, Ingo and Roulund, Niels and Didion, Thomas and 
        Jensen, Christian S and others},
    journal={Theoretical and Applied Genetics},
    volume={129},
    pages={45--52},
    year={2016},
    publisher={Springer}
}

@phdthesis{bilton2020developing,
    title={Developing statistical methods for genetic analysis of 
        genotypes from genotyping-by-sequencing data},
    author={Bilton, Timothy},
    year={2020},
    school={AgResearch}
}

@article{endelman2012shrinkage,
    title={Shrinkage estimation of the realized relationship matrix},
    author={Endelman, Jeffrey B and Jannink, Jean-Luc},
    journal={G3: Genes| genomes| genetics},
    volume={2},
    number={11},
    pages={1405--1413},
    year={2012},
    publisher={Oxford University Press}
}

@article{wigginton2005note,
    title={A note on exact tests of Hardy-Weinberg equilibrium},
    author={Wigginton, Janis E and Cutler, David J and Abecasis, Gon{\c{c}}alo R},
    journal={The American Journal of Human Genetics},
    volume={76},
    number={5},
    pages={887--893},
    year={2005},
    publisher={Elsevier}
}

@article{martini2018effect,
    title={The effect of the $H^{-1}$ scaling factors $\tau$ 
        and $\omega$ on the structure of $H$ in the single-step procedure},
    author={Martini, Johannes WR and Schrauf, Matias F and Garcia-Baccino, Carolina A 
        and Pimentel, Eduardo CG and Munilla, Sebastian 
        and Rogberg-Mu{\~n}oz, Andres and Cantet, Rodolfo JC 
        and Reimer, Christian and Gao, Ning and Wimmer, Valentin and others},
    journal={Genetics Selection Evolution},
    volume={50},
    number={1},
    pages={16},
    year={2018},
    publisher={Springer}
}

@article{hamilton2018computation,
    title={Computation of the inverse additive relationship matrix 
        for autopolyploid and multiple-ploidy populations},
    author={Hamilton, Matthew G and Kerr, Richard J},
    journal={Theoretical and applied genetics},
    volume={131},
    pages={851--860},
    year={2018},
    publisher={Springer}
}

@inproceedings{folk2011overview,
    title={An overview of the HDF5 technology suite and its applications},
    author={Folk, Mike and Heber, Gerd and Koziol, Quincey and Pourmal,
        Elena and Robinson, Dana},
    booktitle={Proceedings of the EDBT/ICDT 2011 workshop on array
        databases},
    pages={36--47},
    year={2011}
}

@inproceedings{lam2015numba,
  title={Numba: a {LLVM}-based {Python} {JIT} compiler},
  author={Lam, Siu Kwan and Pitrou, Antoine and Seibert, Stanley},
  booktitle={Proceedings of the Second Workshop on the LLVM Compiler Infrastructure in HPC},
  pages={1--6},
  year={2015}
}

@article{hoyer2017xarray,
    title={xarray: {N-D} labeled arrays and datasets in {Python}},
    author={Hoyer, Stephan and Hamman, Joe},
    journal={Journal of Open Research Software},
    volume={5},
    number={1},
    year={2017},
    publisher={Ubiquity Press}
}

@article{deorowicz2021vcfshark,
    title={{VCFShark}: how to squeeze a VCF file},
    author={Deorowicz, Sebastian and Danek, Agnieszka and Kokot, Marek},
    journal={Bioinformatics},
    volume={37},
    number={19},
    pages={3358--3360},
    year={2021},
    publisher={Oxford University Press}
}

@article{lan2020genozip,
    title={genozip: a fast and efficient compression tool for VCF files},
    author={Lan, Divon and Tobler, Raymond and Souilmi, Yassine and Llamas,
        Bastien},
    journal={Bioinformatics},
    volume={36},
    number={13},
    pages={4091--4092},
    year={2020},
    publisher={Oxford University Press}
}

@article{lan2021genozip,
    title={Genozip: a universal extensible genomic data compressor},
    author={Lan, Divon and Tobler, Ray and Souilmi, Yassine and Llamas,
        Bastien},
    journal={Bioinformatics},
    volume={37},
    number={16},
    pages={2225--2230},
    year={2021},
    publisher={Oxford University Press}
}

@article{zheng2017seqarray,
    title={{SeqArray}--a storage-efficient high-performance data format for
        {WGS} variant calls},
    author={Zheng, Xiuwen and Gogarten, Stephanie M and Lawrence, Michael
        and Stilp, Adrienne and Conomos, Matthew P and Weir, Bruce S and
            Laurie, Cathy and Levine, David},
    journal={Bioinformatics},
    volume={33},
    number={15},
    pages={2251--2257},
    year={2017},
    publisher={Oxford University Press}
}

@article{zheng2012high,
    title={A high-performance computing toolset for relatedness and principal
        component analysis of SNP data},
    author={Zheng, Xiuwen and Levine, David and Shen, Jess and Gogarten,
        Stephanie M and Laurie, Cathy and Weir, Bruce S},
    journal={Bioinformatics},
    volume={28},
    number={24},
    pages={3326--3328},
    year={2012},
    publisher={Oxford University Press}
}

@article{zhang2023gbc,
    title={{GBC}: a parallel toolkit based on highly addressable byte-encoding
        blocks for extremely large-scale genotypes of species},
    author={Zhang, Liubin and Yuan, Yangyang and Peng, Wenjie and Tang, Bin
        and Li, Mulin Jun and Gui, Hongsheng and Wang, Qiang and Li,
        Miaoxin},
    journal={Genome biology},
    volume={24},
    number={1},
    pages={1--22},
    year={2023},
    publisher={BioMed Central}
}

@article{chang2015second,
    title={Second-generation PLINK: rising to the challenge of larger and
        richer datasets},
    author={Chang, Christopher C and Chow, Carson C and Tellier, Laurent
        CAM and Vattikuti, Shashaank and Purcell, Shaun M and Lee, James
            J},
    journal={Gigascience},
    volume={4},
    number={1},
    pages={s13742--015},
    year={2015},
    publisher={Oxford University Press}
}

@mastersthesis{li2022efficient,
    title={Efficient Systems for Advanced Data Analytics},
    author={Li, Liangde},
    year={2022},
    school={University of California, San Diego}
}

@inproceedings{boufea2017managing,
    title={Managing variant calling files the big data way: Using {HDFS} and
        apache parquet},
    author={Boufea, Aikaterini and Finkers, Richard and van Kaauwen,
        Martijn and Kramer, Mark and Athanasiadis, Ioannis N},
    booktitle={Proceedings of the Fourth IEEE/ACM International
        Conference on Big Data Computing, Applications and Technologies},
    pages={219--226},
    year={2017}
}

@article{fan2020variant,
    title={Variant-Kudu: An Efficient Tool kit Leveraging Distributed Bitmap
        Index for Analysis of Massive Genetic Variation Datasets},
    author={Fan, Jianye and Dong, Shoubin and Wang, Bo},
    journal={Journal of Computational Biology},
    volume={27},
    number={9},
    pages={1350--1360},
    year={2020},
}

@article{uk2023whole,
    title={Whole-genome sequencing of half-a-million UK Biobank
        participants},
    author={{UK Biobank Whole-Genome Sequencing Consortium} and Li, Shuwei
        and Carss, Keren J and Halldorsson, Bjarni V and Cortes, Adrian},
    journal={medRxiv},
    pages={2023--12},
    year={2023},
}

@article{koster2012snakemake,
    title={Snakemake--a scalable bioinformatics workflow engine},
    author={K{\"o}ster, Johannes and Rahmann, Sven},
    journal={Bioinformatics},
    volume={28},
    number={19},
    pages={2520--2522},
    year={2012},
    publisher={Oxford University Press}
}

@article{molder2021sustainable,
    title={Sustainable data analysis with {Snakemake}},
    author={M{\"o}lder, Felix and Jablonski, Kim Philipp and Letcher, Brice
        and Hall, Michael B and Tomkins-Tinch, Christopher H and Sochat,
        Vanessa and Forster, Jan and Lee, Soohyun and Twardziok, Sven O and
            Kanitz, Alexander and others},
    journal={F1000Research},
    volume={10},
    year={2021},
    publisher={Faculty of 1000 Ltd}
}

@article{browning2023statistical,
    title={Statistical phasing of 150,119 sequenced genomes in the UK
        Biobank},
    author={Browning, Brian L and Browning, Sharon R},
    journal={The American Journal of Human Genetics},
    volume={110},
    number={1},
    pages={161--165},
    year={2023},
    publisher={Elsevier}
}

@article{rubinacci2023imputation,
    title={Imputation of low-coverage sequencing data from 150,119 UK Biobank
        genomes},
    author={Rubinacci, Simone and Hofmeister, Robin J and Sousa da Mota,
        B{\'a}rbara and Delaneau, Olivier},
    journal={Nature Genetics},
    volume={55},
    number={7},
    pages={1088--1090},
    year={2023},
    publisher={Nature Publishing Group US New York}
}

@book{white2012hadoop,
    title={Hadoop: The definitive guide},
    author={White, Tom},
    year={2012},
    publisher={" O'Reilly Media, Inc."}
}

@article{lannelongue2023greener,
    title={{GREENER} principles for environmentally sustainable computational
        science},
    author={Lannelongue, Lo{\"\i}c and Aronson, Hans-Erik G and Bateman,
        Alex and Birney, Ewan and Caplan, Talia and Juckes, Martin and
            McEntyre, Johanna and Morris, Andrew D and Reilly, Gerry and
            Inouye, Michael},
    journal={Nature Computational Science},
    volume={3},
    number={6},
    pages={514--521},
    year={2023},
    publisher={Nature Publishing Group US New York}
}

@article{grealey2022carbon,
    title={The carbon footprint of bioinformatics},
    author={Grealey, Jason and Lannelongue, Lo{\"\i}c and Saw, Woei-Yuh and
        Marten, Jonathan and M{\'e}ric, Guillaume and Ruiz-Carmona, Sergio
            and Inouye, Michael},
    journal={Molecular biology and evolution},
    volume={39},
    number={3},
    pages={msac034},
    year={2022},
    publisher={Oxford University Press}
}

@misc{collet2021rfc,
    title={RFC 8878: Zstandard Compression and the `application/zstd' Media Type},
    author={Collet, Yann},
    year={2021},
    publisher={RFC Editor}
}

@article{alted2010modern,
    title={Why modern CPUs are starving and what can be done about it},
    author={Alted, Francesc},
    journal={Computing in Science \& Engineering},
    volume={12},
    number={2},
    pages={68--71},
    year={2010},
    publisher={IEEE}
}

@article{turnbull2018100,
    title = {The 100 000 {Genomes} {Project}: bringing whole genome sequencing to the {NHS}},
    author = {Turnbull, Clare and Scott, Richard H. and Thomas, Ellen and Jones,Louise and Murugaesu, Nirupa and Pretty, Freya Boardmanand Halai, Dina and Baple, Emma and Craig, Clare and Hamblin,Angela and Henderson, Shirley and Patch, Christine and others},
    journal = {BMJ},
    volume = {361},
    pages = {k1687},
    year = {2018}
}

@article{kousathanas2022whole,
    title = {Whole-genome sequencing reveals host factors underlying critical {COVID}-19},
    author = {Kousathanas, Athanasios and Pairo-Castineira, Erola and Rawlik, Konrad and Stuckey, Alex and Odhams, Christopher A. and Walker, Susanand Russell, Clark D. and Malinauskas, Tomas and Wu, Yang and Millar,Jonathan and Shen, Xia and Elliott, Katherine S. and others},
    journal = {Nature},
    volume = {607},
    number = {7917},
    pages = {97--103},
    year = {2022}
}


@article{shi2023genomics,
    title={A Genomics England haplotype reference panel and imputation of {UK}
        Biobank},
    author={Shi, Sinan and Rubinacci, Simone and Hu, Sile and Moutsianas,
        Loukas and Stuckey, Alex and Need, Anna C and Palamara, Pier
            Francesco and Caulfield, Mark and Marchini, Jonathan and Myers,
        Simon},
    journal={Nature Genetics},
    volume={56},
    number={9},
    pages={1800--1803},
    year={2024},
    publisher={Nature Publishing Group US New York}
}

@article{leggatt2023genotype,
    title = {A genotype-to-phenotype approach suggests under-reporting of single nucleotide variants in nephrocystin-1 ({NPHP1}) related disease({UK} 100,000 {Genomes} {Project})},
    author = {Leggatt, Gary and Cheng, Guo and Narain, Sumit and Briseño-Roa, Luis and Annereau, Jean-Philippe and Gast, Christine and Gilbert, RodneyD. and Ennis, Sarah},
    journal = {Scientific Reports},
    volume = {13},
    number = {1},
    pages = {9369},
    year = {2023}
}

@article{lam2023repeat,
    title = {Repeat expansions in {NOP56} are a cause of spinocerebellar ataxia {Type} 36 in the {British} population},
    author = {Lam, Tanya and Rocca, Clarissa and Ibanez, Kristina and Dalmia, Anupriya and Tallman, Samuel and Hadjivassiliou, Marios and Hensiek,Anke and Nemeth, Andrea and Facchini, Stefano and {Genomics England Research Consortium} and others},
    journal = {Brain Communications},
    volume = {5},
    number = {5},
    pages = {fcad244},
    year = {2023}
}

@article{li2011tabix,
    title={Tabix: fast retrieval of sequence features from generic
        {TAB}-delimited files},
    author={Li, Heng},
    journal={Bioinformatics},
    volume={27},
    number={5},
    pages={718--719},
    year={2011},
    publisher={Oxford University Press}
}

@article{anderson2023on,
  title={On the genes, genealogies, and geographies of {Quebec}},
  author={Anderson-Trocm{\'e}, Luke and Nelson, Dominic and Zabad, Shadi 
      and Diaz-Papkovich, Alex and Kryukov, Ivan and Baya, Nikolas 
          and Touvier, Mathilde and Jeffery, Ben and Dina, Christian 
          and V{\'e}zina, H{\'e}l{\`e}ne and others},
  journal={Science},
  volume={380},
  number={6647},
  pages={849--855},
  year={2023},
}

@dataset{anderson2023simulated,
    author       = {Luke Anderson-Trocm{\'e}},
    title        = {{Simulated genomes from manuscript "On the Genes, 
        Genealogies and Geographies of Quebec"}},
    year         = 2023,
    publisher    = {Zenodo},
    version      = {1.0},
    doi          = {10.5281/zenodo.7702392},
    url          = {https://doi.org/10.5281/zenodo.7702392}
}

@book{buffalo2015bioinformatics,
    title={Bioinformatics data skills: Reproducible and robust research with
        open source tools},
    author={Buffalo, Vince},
    year={2015},
    publisher={" O'Reilly Media, Inc."}
}

@article{mcvean2019linkage,
    title={Linkage disequilibrium, recombination and haplotype structure},
    author={McVean, Gil and Kelleher, Jerome},
    journal={Handbook of Statistical Genomics: Two Volume Set},
    pages={51--86},
    year={2019},
    publisher={Wiley Online Library}
}

@inproceedings{rocklin2015dask,
    title={Dask: Parallel computation with blocked algorithms and task
        scheduling},
    author={Rocklin, Matthew and others},
    booktitle={Proceedings of the 14th python in science conference},
    volume={130},
    pages={136},
    year={2015},
    organization={SciPy Austin, TX}
}

@article{10002015global,
    title={A global reference for human genetic variation},
    author={{1000 Genomes Project Consortium} and others},
    journal={Nature},
    volume={526},
    number={7571},
    pages={68},
    year={2015},
    publisher={Nature Publishing Group}
}

@article{poterba2025scalable,
    title={The scalable variant call representation: enabling genetic
        analysis beyond one million genomes},
    author={Poterba, Timothy and Vittal, Christopher and King, Daniel and
        Goldstein, Daniel and Goldstein, Jacqueline I and Schultz, Patrick
            and Karczewski, Konrad J and Seed, Cotton and Neale, Benjamin
            M},
    journal={Bioinformatics},
    volume={41},
    number={1},
    pages={btae746},
    year={2025},
    publisher={Oxford University Press}
}

@article{garrison2022spectrum,
    title={A spectrum of free software tools for processing the {VCF} variant
        call format: vcflib, bio-vcf, cyvcf2, hts-nim and slivar},
    author={Garrison, Erik and Kronenberg, Zev N and Dawson, Eric T and
        Pedersen, Brent S and Prins, Pjotr},
    journal={PLoS computational biology},
    volume={18},
    number={5},
    pages={e1009123},
    year={2022},
    publisher={Public Library of Science San Francisco, CA USA}
}

@article{gowan2022using,
    title={Using cloud computing to analyze model output archived in {Zarr}
        format},
    author={Gowan, Taylor A and Horel, John D and Jacques, Alexander A and
        Kovac, Adair},
    journal={Journal of Atmospheric and Oceanic Technology},
    volume={39},
    number={4},
    pages={449--462},
    year={2022}
}

@article{abernathey2021cloud,
    title={Cloud-native repositories for big scientific data},
    author={Abernathey, Ryan P and Augspurger, Tom and Banihirwe, Anderson
        and Blackmon-Luca, Charles C and Crone, Timothy J and Gentemann,
        Chelle L and Hamman, Joseph J and Henderson, Naomi and Lepore,
        Chiara and McCaie, Theo A and others},
    journal={Computing in Science \& Engineering},
    volume={23},
    number={2},
    pages={26--35},
    year={2021},
    publisher={IEEE}
}

@incollection{rzepka2023toward,
    title={Toward scalable reuse of {vEM} data: {OME-Zarr} to the rescue},
    author={Rzepka, Norman and Bogovic, John A and Moore, Joshua A},
    booktitle={Methods in cell biology},
    volume={177},
    pages={359--387},
    year={2023},
    publisher={Elsevier}
}

@inproceedings{fahnestock2023mappin,
    title={Mappin: A Web Native Browse Tool for the {NASA JPL ITS\_LIVE}
        Project’s Ice Velocity Dataset},
    author={Fahnestock, Jacob R and Dow, Douglas E},
    booktitle={2023 IEEE 14th Annual Ubiquitous Computing, Electronics \&
        Mobile Communication Conference (UEMCON)},
    pages={0097--0100},
    year={2023},
    organization={IEEE}
}

@article{klie2023predictive,
    title={Predictive analyses of regulatory sequences with {EUGENe}},
    author={Klie, Adam and Laub, David and Talwar, James V and Stites,
        Hayden and Jores, Tobias and Solvason, Joe J and Farley, Emma K and
            Carter, Hannah},
    journal={Nature Computational Science},
    volume={3},
    number={11},
    pages={946--956},
    year={2023},
    publisher={Nature Publishing Group US New York}
}

@article{baker2023emobject,
    title={{emObject}: domain specific data abstraction for spatial omics},
    author={Baker, Ethan AG and Huang, Meng-Yao and Lam, Amy and Rahim,
        Maha K and Bieniosek, Matthew F and Wang, Bobby and Zhang, Nancy R
            and Mayer, Aaron T and Trevino, Alexandro E},
    journal={bioRxiv},
    pages={2023--06},
    year={2023},
    publisher={Cold Spring Harbor Laboratory}
}

@article{marconato2024spatialdata,
    title={{SpatialData}: an open and universal data framework for spatial
        omics},
    author={Marconato, Luca and Palla, Giovanni and Yamauchi, Kevin A and
        Virshup, Isaac and Heidari, Elyas and Treis, Tim and Vierdag,
        Wouter-Michiel and Toth, Marcella and Stockhaus, Sonja and
            Shrestha, Rahul B and others},
    journal={Nature Methods},
    pages={1--5},
    year={2024},
    publisher={Nature Publishing Group US New York}
}

@article{hou2024admix,
    title={Admix-kit: an integrated toolkit and pipeline for genetic analyses
        of admixed populations},
    author={Hou, Kangcheng and Gogarten, Stephanie and Kim, Joohyun and
        Hua, Xing and Dias, Julie-Alexia and Sun, Quan and Wang, Ying and
            Tan, Taotao and {Polygenic Risk Methods in Diverse Populations
            (PRIMED) Consortium Methods Working Group} and Atkinson,
        Elizabeth G and others},
    journal={Bioinformatics},
    pages={btae148},
    year={2024},
    publisher={Oxford University Press}
}

@article{konig2023divbrowse,
    title={{DivBrowse}--interactive visualization and exploratory data analysis
        of variant call matrices},
    author={K{\"o}nig, Patrick and Beier, Sebastian and Mascher, Martin and
        Stein, Nils and Lange, Matthias and Scholz, Uwe},
    journal={GigaScience},
    volume={12},
    pages={giad025},
    year={2023},
    publisher={Oxford University Press}
}

@article{all2024genomic,
    title={Genomic data in the All of Us Research Program},
    author={All of Us Research Program Genomics Investigators and others},
    journal={Nature},
    volume={627},
    number={8003},
    pages={340},
    year={2024},
    publisher={Nature Publishing Group}
}

@misc{hail2024,
    title = {Hail}, 
    howpublished ={\url{https://hail.is}},
    note = {Accessed: 2024-04-24}
}

@misc{tiledb2024,
    title = {TileDB}, 
    howpublished ={\url{https://tiledb.com/data-types/vcf/}},
    note = {Accessed: 2024-04-24}
}


@misc{graf2024,
    title = {Seven Bridges GRAF}, 
    howpublished ={\url{https://www.sevenbridges.com/graf/}},
    note = {Accessed: 2024-05-24}
}


@misc{basespace2024,
    title = {Illumina BaseSpace}, 
    howpublished ={\url{https://help.basespace.illumina.com/}},
    note = {Accessed: 2024-05-24}
}

@misc{googlelifesciences2024,
    title = {Google Cloud Life Sciences}, 
    howpublished ={\url{https://cloud.google.com/life-sciences/}},
    note = {Accessed: 2024-05-24} 
}

@misc{awshealthomics2024,
    title = {AWS HealthOmics}, 
    howpublished ={\url{https://aws.amazon.com/healthomics/}},
    note = {Accessed: 2024-05-24} 
}

@misc{microsoftgenomics2024,
    title = {Microsoft Genomics}, 
    howpublished ={\url{https://azure.microsoft.com/en-gb/products/genomics}},
    note = {Accessed: 2024-05-24} 
}

@misc{genomicsdb2024,
    title = {GenomicsDB}, 
    howpublished ={\url{https://www.genomicsdb.org/}},
    note = {Accessed: 2024-05-24} 
}

@misc{parquet2024,
    title = {Apache Parquet}, 
    howpublished ={\url{https://parquet.apache.org}},
    note = {Accessed: 2024-05-03}
}

@article{ganna2016ultra,
    title={Ultra-rare disruptive and damaging mutations influence educational
        attainment in the general population},
    author={Ganna, Andrea and Genovese, Giulio and Howrigan, Daniel P and
        Byrnes, Andrea and Kurki, Mitja I and Zekavat, Seyedeh M and
            Whelan, Christopher W and Kals, Mart and Nivard, Michel G and
            Bloemendal, Alex and others},
    journal={Nature neuroscience},
    volume={19},
    number={12},
    pages={1563--1565},
    year={2016},
    publisher={Nature Publishing Group US New York}
}

@article{chen2024genomic,
    title={A genomic mutational constraint map using variation in 76,156
        human genomes},
    author={Chen, Siwei and Francioli, Laurent C and Goodrich, Julia K and
        Collins, Ryan L and Kanai, Masahiro and Wang, Qingbo and
            Alf{\"o}ldi, Jessica and Watts, Nicholas A and Vittal,
        Christopher and Gauthier, Laura D and others},
    journal={Nature},
    volume={625},
    number={7993},
    pages={92--100},
    year={2024},
    publisher={Nature Publishing Group UK London}
}

@article{karczewski2020mutational,
    title={The mutational constraint spectrum quantified from variation in
        141,456 humans},
    author={Karczewski, Konrad J and Francioli, Laurent C and Tiao, Grace
        and Cummings, Beryl B and Alf{\"o}ldi, Jessica and Wang, Qingbo and
            Collins, Ryan L and Laricchia, Kristen M and Ganna, Andrea and
            Birnbaum, Daniel P and others},
    journal={Nature},
    volume={581},
    number={7809},
    pages={434--443},
    year={2020},
    publisher={Nature Publishing Group UK London}
}

@article{browning2021fast,
    title={Fast two-stage phasing of large-scale sequence data},
    author={Browning, Brian L and Tian, Xiaowen and Zhou, Ying and
        Browning, Sharon R},
    journal={The American Journal of Human Genetics},
    volume={108},
    number={10},
    pages={1880--1890},
    year={2021},
    publisher={Elsevier}
}

@article{hofmeister2023accurate,
    title={Accurate rare variant phasing of whole-genome and whole-exome
        sequencing data in the {UK Biobank}},
    author={Hofmeister, Robin J and Ribeiro, Diogo M and Rubinacci, Simone
        and Delaneau, Olivier},
    journal={Nature Genetics},
    volume={55},
    number={7},
    pages={1243--1249},
    year={2023},
    publisher={Nature Publishing Group US New York}
}

@article{yang2011gcta,
    title={{GCTA}: a tool for genome-wide complex trait analysis},
    author={Yang, Jian and Lee, S Hong and Goddard, Michael E and Visscher,
        Peter M},
    journal={The American Journal of Human Genetics},
    volume={88},
    number={1},
    pages={76--82},
    year={2011},
    publisher={Elsevier}
}

@article{dehaas2024enabling,
    title={Enabling efficient analysis of biobank-scale data with genotype
        representation graphs},
    author={DeHaas, Drew and Pan, Ziqing and Wei, Xinzhu},
    journal={Nature Computational Science},
    pages={1--13},
    year={2024},
    publisher={Nature Publishing Group}
}

@misc{zarrpython,
    title = {Zarr Python}, 
    howpublished ={\url{https://zarr.readthedocs.io/en/stable/}},
    note = {Accessed: 2024-04-29}
}

@misc{numcodecs,
    title = {Numcodecs}, 
    howpublished ={\url{https://numcodecs.readthedocs.io/}},
    note = {Accessed: 2025-01-22}
}

@misc{zarrjs,
    title = {Zarr.js}, 
    howpublished ={\url{https://guido.io/zarr.js/#/}},
    note = {Accessed: 2024-04-30}
}

@misc{jzarr,
    title = {JZarr}, 
    howpublished ={\url{https://github.com/bcdev/jzarr}},
    note = {Accessed: 2025-01-20}
}

@misc{zarrjl,
    title = {Zarr.jl}, 
    howpublished ={\url{https://github.com/JuliaIO/Zarr.jl}},
    note = {Accessed: 2024-04-30}
}

@misc{zarrs,
    title = {Zarrs}, 
    howpublished ={\url{https://github.com/LDeakin/zarrs}},
    note = {Accessed: 2024-04-30}
}

@misc{pizzarr,
    title = {Pizzarr}, 
    howpublished ={\url{https://keller-mark.github.io/pizzarr/}},
    note = {Accessed: 2024-04-30}
}


@misc{tensorstore,
    title = {TensorStore}, 
    howpublished ={\url{https://google.github.io/tensorstore/index.html}},
    note = {Accessed: 2024-04-29}
}

@misc{xtensor_zarr,
    title = {xtensor-zarr}, 
    howpublished ={\url{https://xtensor-zarr.readthedocs.io/en/latest/}},
    note = {Accessed: 2024-04-29}
}

@misc{gdal_zarr,
    title = {GDAL Zarr raster driver}, 
    howpublished ={\url{https://gdal.org/drivers/raster/zarr.html}},
    note = {Accessed: 2024-04-30}
}

@misc{netcfd_c,
    title = {NetCDF C}, 
    howpublished ={\url{https://github.com/Unidata/netcdf-c}},
    note = {Accessed: 2024-04-30}
}

@misc{n5zarr,
    title = {n5-zarr}, 
    howpublished ={\url{https://github.com/saalfeldlab/n5-zarr}},
    note = {Accessed: 2024-04-30}
}

@misc{cmip6_dataset,
    title = {CMIP 6 Dataset}, 
    howpublished ={\url{https://console.cloud.google.com/marketplace/details/noaa-public/cmip6}},
    note = {Accessed: 2024-04-30}
}

@misc{ogc_geozarr_news,
    title = {OGC forms new GeoZarr Standards Working Group to establish a Zarr
        encoding for geospatial data},
    howpublished = {\url{https://www.ogc.org/press-release/ogc-forms-new-geozarr-standards-working-group-to-establish-a-zarr-encoding-for-geospatial-data/}},
     note = {Accessed: 2024-04-30}
}

@misc{ogc_zarr2_standard,
    title={Zarr Storage Specification 2.0 Community Standard},
    year={2022},
    publisher={{Open Geospatial Consortium}},
    howpublished = {\url{http://www.opengis.net/doc/CS/zarr/2.0}},
}


@article{abernathey2021opening,
    title={Opening new horizons: How to migrate the Copernicus Global Land
        Service to a Cloud environment},
    author={Abernathey, Ryan and Neteler, Markus and Amici, Alessandro and
        Jacob, Alexander and Cherletand, M and Strobl, Peter},
    year={2021},
    journal={Publications Office of the European Union}
}

@ARTICLE{virtanen2020scipy,
    author  = {Virtanen, Pauli and Gommers, Ralf and Oliphant, Travis E. and
        Haberland, Matt and Reddy, Tyler and Cournapeau, David and Burovski,
        Evgeni and Peterson, Pearu and Weckesser, Warren and Bright, Jonathan
            and {van der Walt}, St{\'e}fan J. and Brett, Matthew and Wilson,
        Joshua and Millman, K. Jarrod and Mayorov, Nikolay and Nelson, Andrew
            R. J. and Jones, Eric and Kern, Robert and Larson, Eric and
            Carey, C J and Polat, {\.I}lhan and Feng, Yu and Moore, Eric W.
            and {VanderPlas}, Jake and Laxalde, Denis and Perktold, Josef and
            Cimrman, Robert and Henriksen, Ian and Quintero, E. A. and
            Harris, Charles R. and Archibald, Anne M. and Ribeiro,
        Ant{\^o}nio H. and Pedregosa, Fabian and {van Mulbregt}, Paul and
        {SciPy 1.0 Contributors}},
    title = {{SciPy} 1.0: Fundamental Algorithms for Scientific
        Computing in Python},
    journal = {Nature Methods},
    year    = {2020},
    volume  = {17},
    pages   = {261--272},
    doi     = {10.1038/s41592-019-0686-2},
}


@techreport{durbin2020task,
    title={Task 51-cloud-optimized format study},
    author={Durbin, Chris and Quinn, Patrick and Shum, Dana},
    year={2020}
}

@article{moore2021ome,
    title={{OME-NGFF}: a next-generation file format for expanding bioimaging
        data-access strategies},
    author={Moore, Josh and Allan, Chris and Besson, S{\'e}bastien and
        Burel, Jean-Marie and Diel, Erin and Gault, David and Kozlowski,
        Kevin and Lindner, Dominik and Linkert, Melissa and Manz, Trevor
            and others},
    journal={Nature methods},
    volume={18},
    number={12},
    pages={1496--1498},
    year={2021},
    publisher={Nature Publishing Group US New York}
}

@article{dhapola2022scarf,
    title={Scarf enables a highly memory-efficient analysis of large-scale
        single-cell genomics data},
    author={Dhapola, Parashar and Rodhe, Johan and Olofzon, Rasmus and
        Bonald, Thomas and Erlandsson, Eva and Soneji, Shamit and Karlsson,
        G{\"o}ran},
        journal={Nature communications},
        volume={13},
        number={1},
        pages={4616},
        year={2022},
        publisher={Nature Publishing Group UK London}
}

@article{virshup2023scverse,
    title={The scverse project provides a computational ecosystem for
        single-cell omics data analysis},
    author={Virshup, Isaac and Bredikhin, Danila and Heumos, Lukas and
        Palla, Giovanni and Sturm, Gregor and Gayoso, Adam and Kats, Ilia
            and Koutrouli, Mikaela and Berger, Bonnie and others},
    journal={Nature biotechnology},
    volume={41},
    number={5},
    pages={604--606},
    year={2023},
    publisher={Nature Publishing Group US New York}
}

@article{wong2024general,
    author = {Wong, Yan and Ignatieva, Anastasia and Koskela, Jere and 
        Gorjanc, Gregor and Wohns, Anthony W and Kelleher, Jerome},
    title = {A general and efficient representation of ancestral recombination graphs},
    journal = {Genetics},
    volume = {228},
    number = {1},
    pages = {iyae100},
    year = {2024},
}

@article{lewanski2024era,
    title={The era of the ARG: An introduction to ancestral recombination
        graphs and their significance in empirical evolutionary genomics},
    author={Lewanski, Alexander L and Grundler, Michael C and Bradburd,
        Gideon S},
    journal={Plos Genetics},
    volume={20},
    number={1},
    pages={e1011110},
    year={2024},
    publisher={Public Library of Science San Francisco, CA USA}
}

@article{brandt2024promise,
    title={The Promise of Inferring the Past Using the Ancestral
        Recombination Graph},
    author={Brandt, D{\'e}bora YC and Huber, Christian D and Chiang,
        Charleston WK and Ortega-Del Vecchyo, Diego},
    journal={Genome Biology and Evolution},
    volume={16},
    number={2},
    pages={evae005},
    year={2024},
    publisher={Oxford University Press US}
}


@article{wilkinson2016fair,
    title={The FAIR Guiding Principles for scientific data management and
        stewardship},
    author={Wilkinson, Mark D and Dumontier, Michel and Aalbersberg,
        IJsbrand Jan and Appleton, Gabrielle and Axton, Myles and Baak,
        Arie and Blomberg, Niklas and Boiten, Jan-Willem and da Silva
            Santos, Luiz Bonino and Bourne, Philip E and others},
    journal={Scientific data},
    volume={3},
    number={1},
    pages={1--9},
    year={2016},
    publisher={Nature Publishing Group}
}

@misc{tskit2024,
    title = {tskit}, 
    howpublished ={\url{https://tskit.dev/tskit}},
    note = {Accessed: 2024-05-10}
}

@misc{pgen2024,
    title = {PLINK 2 File Format Specification Draft}, 
    howpublished
        ={\url{https://github.com/chrchang/plink-ng/tree/master/pgen_spec}},
    note = {Accessed: 2024-05-24}
}

@misc{mvgo2024,
    title = {Malaria Vector Genome Observatory}, 
    howpublished
        ={\url{https://www.malariagen.net/malaria-vector-genome-observatory/}},
    note = {Accessed: 2024-05-24}
}

@misc{glow2024,
    title = {Glow}, 
    howpublished
        ={\url{https://projectglow.io}},
    note = {Accessed: 2024-05-30}
}

@misc{cubed2024,
    title = {Cubed}, 
    howpublished
        ={\url{https://cubed-dev.github.io/cubed}},
    note = {Accessed: 2024-06-07}
}

@misc{sgkit2024,
    title = {Sgkit: Scalable genetics toolkit}, 
    howpublished
        ={\url{https://sgkit-dev.github.io/sgkit/}},
    note = {Accessed: 2024-06-07}
}

@article{chen2024novo,
    title={De novo variants in the non-coding spliceosomal {snRNA} gene
        {RNU4-} are a frequent cause of syndromic neurodevelopmental disorders},
    author={Chen, Yuyang and Dawes, Ruebena and Kim, Hyung Chul and
        Stenton, Sarah L and Walker, Susan and Ljungdahl, Alicia and Lord,
        Jenny and Ganesh, Vijay S and Ma, Jialan and Martin-Geary,
        Alexandra C and others},
    journal={medRxiv},
    pages={2024--04},
    year={2024},
    publisher={Cold Spring Harbor Laboratory Press}
}

@article{open2c2024bioframe,
    title={Bioframe: operations on genomic intervals in pandas dataframes},
    author={Open2C and Abdennur, Nezar and Fudenberg, Geoffrey and Flyamer,
        Ilya M and Galitsyna, Aleksandra A and Goloborodko, Anton and
            Imakaev, Maxim and Venev, Sergey},
    journal={Bioinformatics},
    pages={btae088},
    year={2024},
    publisher={Oxford University Press}
}

@article{abdennur2020cooler,
    title={Cooler: scalable storage for Hi-C data and other genomically
        labeled arrays},
    author={Abdennur, Nezar and Mirny, Leonid A},
    journal={Bioinformatics},
    volume={36},
    number={1},
    pages={311--316},
    year={2020},
    publisher={Oxford University Press}
}

@article{byrska2022high,
    title={High-coverage whole-genome sequencing of the expanded 1000 Genomes
        Project cohort including 602 trios},
    author={Byrska-Bishop, Marta and Evani, Uday S and Zhao, Xuefang and
        Basile, Anna O and Abel, Haley J and Regier, Allison A and Corvelo,
        Andr{\'e} and Clarke, Wayne E and Musunuri, Rajeeva and
            Nagulapalli, Kshithija and others},
    journal={Cell},
    volume={185},
    number={18},
    pages={3426--3440},
    year={2022},
    publisher={Elsevier}
}

@article{al2023critical,
    title={Critical assessment of on-premise approaches to scalable genome
        analysis},
    author={{Al-Aamri}, Amira and Kamarul Azman, Syafiq and Daw Elbait, Gihan
        and Alsafar, Habiba and Henschel, Andreas},
    journal={BMC bioinformatics},
    volume={24},
    number={1},
    pages={354},
    year={2023},
    publisher={Springer}
}

@article{lopez2017hgva,
    title={HGVA: the human genome variation archive},
    author={Lopez, Javier and Coll, Jacobo and Haimel, Matthias and
        Kandasamy, Swaathi and Tarraga, Joaquin and Furio-Tari, Pedro and
            Bari, Wasim and Bleda, Marta and Rueda, Antonio and Gr{\"a}f,
        Stefan and others},
    journal={Nucleic acids research},
    volume={45},
    number={W1},
    pages={W189--W194},
    year={2017},
    publisher={Oxford University Press}
}

@article{paila2013gemini,
    title={{GEMINI}: integrative exploration of genetic variation and genome
        annotations},
    author={Paila, Umadevi and Chapman, Brad A and Kirchner, Rory and
        Quinlan, Aaron R},
    journal={PLoS computational biology},
    volume={9},
    number={7},
    pages={e1003153},
    year={2013},
    publisher={Public Library of Science San Francisco, USA}
}

@article{greene2023genetic,
    title={Genetic association analysis of 77,539 genomes reveals rare
        disease etiologies},
    author={Greene, Daniel and {Genomics England Research Consortium} and
        Pirri, Daniela and Frudd, Karen and Sackey, Ege and Al-Owain,
        Mohammed and Giese, Arnaud PJ and Ramzan, Khushnooda and Riaz,
        Sehar and Yamanaka, Itaru and others},
    journal={Nature Medicine},
    volume={29},
    number={3},
    pages={679--688},
    year={2023},
    publisher={Nature Publishing Group US New York}
}

@article{shaffer2022landscape,
  title={Landscape genomics to enable conservation actions: the California Conservation Genomics Project},
  author={Shaffer, H Bradley and Toffelmier, Erin and Corbett-Detig, Russ B and Escalona, Merly and Erickson, Bjorn and Fiedler, Peggy and Gold, Mark and Harrigan, Ryan J and Hodges, Scott and Luckau, Tara K and others},
  journal={Journal of Heredity},
  volume={113},
  number={6},
  pages={577--588},
  year={2022},
  publisher={Oxford University Press US}
}

@article{wang2023rice,
  title={A rice variation map derived from 10 548 rice accessions reveals the importance of rare variants},
  author={Wang, Tianyi and He, Wenchuang and Li, Xiaoxia and Zhang, Chao and He, Huiying and Yuan, Qiaoling and Zhang, Bin and Zhang, Hong and Leng, Yue and Wei, Hua and others},
  journal={Nucleic Acids Research},
  volume={51},
  number={20},
  pages={10924--10933},
  year={2023},
  publisher={Oxford University Press}
}

@article{hamid2023pf7,
  title={Pf7: an open dataset of Plasmodium falciparum genome variation in 20,000 worldwide samples},
  author={Hamid, Muzamil Mahdi Abdel and Abdelraheem, Mohamed Hassan and Acheampong, Desmond Omane and Ahouidi, Ambroise and Ali, Mozam and Almagro-Garcia, Jacob and Amambua-Ngwa, Alfred and Amaratunga, Chanaki and Amenga-Etego, Lucas and Andagalu, Ben and others},
  journal={Wellcome open research},
  volume={8},
  year={2023},
  publisher={The Wellcome Trust}
}

@article{anopheles2017genetic,
  title={Genetic diversity of the African malaria vector Anopheles gambiae},
  author={{Anopheles gambiae 1000 Genomes Consortium and others}},
  journal={Nature},
  volume={552},
  number={7683},
  pages={96},
  year={2017},
}

@article{marees2018tutorial,
    title={A tutorial on conducting genome-wide association studies: Quality
        control and statistical analysis},
    author={Marees, Andries T and de Kluiver, Hilde and Stringer, Sven and
        Vorspan, Florence and Curis, Emmanuel and Marie-Claire, Cynthia and
            Derks, Eske M},
    journal={International journal of methods in psychiatric research},
    volume={27},
    number={2},
    pages={e1608},
    year={2018},
    publisher={Wiley Online Library}
}

@article{panoutsopoulou2018quality,
    title={Quality control of common and rare variants},
    author={Panoutsopoulou, Kalliope and Walter, Klaudia},
    journal={Genetic Epidemiology: Methods and Protocols},
    pages={25--36},
    year={2018},
    publisher={Springer}
}

@article{williams2024phasing,
    title={Phasing millions of samples achieves near perfect accuracy,
        enabling parent-of-origin classification of variants},
    author={Williams, Cole M and O'Connell, Jared and Freyman, William A
        and 23andMe Research Team and Gignoux, Christopher R and
            Ramachandran, Sohini and Williams, Amy L},
    journal={bioRxiv},
    pages={2024--05},
    year={2024},
    publisher={Cold Spring Harbor Laboratory}
}

@article{barton2021whole,
    title={Whole-exome imputation within UK Biobank powers rare coding
        variant association and fine-mapping analyses},
    author={Barton, Alison R and Sherman, Maxwell A and Mukamel, Ronen E
        and Loh, Po-Ru},
    journal={Nature genetics},
    volume={53},
    number={8},
    pages={1260--1269},
    year={2021},
    publisher={Nature Publishing Group US New York}
}

@article{rubinacci2020genotype,
    title={Genotype imputation using the positional burrows wheeler
        transform},
    author={Rubinacci, Simone and Delaneau, Olivier and Marchini,
        Jonathan},
    journal={PLoS genetics},
    volume={16},
    number={11},
    pages={e1009049},
    year={2020},
    publisher={Public Library of Science San Francisco, CA USA}
}

@article{ros2020accuracy,
    title={Accuracy of whole-genome sequence imputation using hybrid peeling
        in large pedigreed livestock populations},
    author={Ros-Freixedes, Roger and Whalen, Andrew and Chen, Ching-Yi and
        Gorjanc, Gregor and Herring, William O and Mileham, Alan J and
            Hickey, John M},
    journal={Genetics Selection Evolution},
    volume={52},
    pages={1--15},
    year={2020},
    publisher={Springer}
}

@article{abraham2017flashpca2,
    title={FlashPCA2: principal component analysis of Biobank-scale genotype
        datasets},
    author={Abraham, Gad and Qiu, Yixuan and Inouye, Michael},
    journal={Bioinformatics},
    volume={33},
    number={17},
    pages={2776--2778},
    year={2017},
    publisher={Oxford University Press}
}

@article{bergstrom2020insights,
    title={Insights into human genetic variation and population history from
        929 diverse genomes},
    author={Bergstr{\"o}m, Anders and McCarthy, Shane A and Hui, Ruoyun and
        Almarri, Mohamed A and Ayub, Qasim and Danecek, Petr and Chen, Yuan
            and Felkel, Sabine and Hallast, Pille and Kamm, Jack and
            others},
    journal={Science},
    volume={367},
    number={6484},
    pages={eaay5012},
    year={2020},
    publisher={American Association for the Advancement of
        Science}
}


@article{sambo2014compression,
    title={Compression and fast retrieval of {SNP} data},
    author={Sambo, Francesco and Di Camillo, Barbara and Toffolo, Gianna
        and Cobelli, Claudio},
    journal={Bioinformatics},
    volume={30},
    number={21},
    pages={3078--3085},
    year={2014},
    publisher={Oxford University Press}
}

@article{qiao2012handling,
    title={Handling the data management needs of high-throughput sequencing
        data: {SpeedGene}, a compression algorithm for the efficient storage of
            genetic data},
    author={Qiao, Dandi and Yip, Wai-Ki and Lange, Christoph},
    journal={BMC bioinformatics},
    volume={13},
    pages={1--7},
    year={2012},
    publisher={Springer}
}

@article{li2011statistical,
    title={A statistical framework for {SNP} calling, mutation discovery,
        association mapping and population genetical parameter estimation
            from sequencing data},
    author={Li, Heng},
    journal={Bioinformatics},
    volume={27},
    number={21},
    pages={2987--2993},
    year={2011},
    publisher={Oxford University Press}
}

@article{gogarten2019genetic,
    title={Genetic association testing using the {GENESIS} R/Bioconductor
        package},
    author={Gogarten, Stephanie M and Sofer, Tamar and Chen, Han and Yu,
        Chaoyu and Brody, Jennifer A and Thornton, Timothy A and Rice,
        Kenneth M and Conomos, Matthew P},
    journal={Bioinformatics},
    volume={35},
    number={24},
    pages={5346--5348},
    year={2019},
    publisher={Oxford University Press}
}

@article{fernandes2020simplephenotypes,
    title={{simplePHENOTYPES}: {SIMulation} of pleiotropic, linked and epistatic
        phenotypes},
    author={Fernandes, Samuel B and Lipka, Alexander E},
    journal={BMC bioinformatics},
    volume={21},
    pages={1--10},
    year={2020},
    publisher={Springer}
}


@article{zabad2023fast,
    title = {Fast and accurate Bayesian polygenic risk modeling with variational inference},
    journal = {The American Journal of Human Genetics},
    volume = {110},
    number = {5},
    pages = {741-761},
    year = {2023},
    author = {Shadi Zabad and Simon Gravel and Yue Li}
}

@article{senf2021crypt4gh,
    title={Crypt4GH: a file format standard enabling native access to
        encrypted data},
    author={Senf, Alexander and Davies, Robert and Haziza, Frederic and
        Marshall, John and Troncoso-Pastoriza, Juan and Hofmann, Oliver and
            Keane, Thomas M},
    journal={Bioinformatics},
    volume={37},
    number={17},
    pages={2753--2754},
    year={2021},
    publisher={Oxford University Press}
}


@article{ahouidi2021open,
    title={An open dataset of {Plasmodium} falciparum genome variation in 7,000
        worldwide samples},
    author={Ahouidi, Ambroise and Ali, Mozam and Almagro-Garcia, Jacob and
        Amambua-Ngwa, Alfred and Amaratunga, Chanaki and Amato, Roberto and
            Amenga-Etego, Lucas and Andagalu, Ben and Anderson, Tim JC and
            Andrianaranjaka, Voahangy and others},
    journal={Wellcome Open Research},
    volume={6},
    year={2021},
    publisher={The Wellcome Trust}
}

@article{trimarsanto2022molecular,
    title={A molecular barcode and web-based data analysis tool to identify
        imported Plasmodium vivax malaria},
    author={Trimarsanto, Hidayat and Amato, Roberto and Pearson, Richard D
        and Sutanto, Edwin and Noviyanti, Rintis and Trianty, Leily and
            Marfurt, Jutta and Pava, Zuleima and Echeverry, Diego F and
            Lopera-Mesa, Tatiana M and others},
    journal={Communications biology},
    volume={5},
    number={1},
    pages={1411},
    year={2022},
    publisher={Nature Publishing Group UK London}
}

@article{sherry2001dbSNP,
    author = {Sherry, S. T. and Ward, M.-H. and Kholodov, M. and Baker, J.
        and Phan, L. and Smigielski, E. M. and Sirotkin, K.},
    title = "{{dbSNP}: the {NCBI} database of genetic variation}",
    journal = {Nucleic Acids Research},
    volume = {29},
    number = {1},
    pages = {308-311},
    year = {2001},
    month = {01},
}


@article{rew1990netcdf,
    title={{NetCDF}: an interface for scientific data access},
    author={Rew, Russ and Davis, Glenn},
    journal={IEEE computer graphics and applications},
    volume={10},
    number={4},
    pages={76--82},
    year={1990},
    publisher={IEEE}
}

@article{hemstrom2024next,
    title={Next-generation data filtering in the genomics era},
    author={Hemstrom, William and Grummer, Jared A and Luikart, Gordon and Christie, Mark R},
    journal={Nature Reviews Genetics},
    pages={1--18},
    year={2024},
    publisher={Nature Publishing Group}
}

@article{nystedt_NorwaySpruceGenome_2013,
  title = {The {{Norway}} Spruce Genome Sequence and Conifer Genome Evolution},
  author = {Nystedt, Bj{\"o}rn and Street, Nathaniel R. and Wetterbom, Anna and Zuccolo, Andrea and Lin, Yao-Cheng and Scofield, Douglas G. and Vezzi, Francesco and Delhomme, Nicolas and Giacomello, Stefania and Alexeyenko, Andrey and Vicedomini, Riccardo and Sahlin, Kristoffer and Sherwood, Ellen and Elfstrand, Malin and Gramzow, Lydia and Holmberg, Kristina and H{\"a}llman, Jimmie and Keech, Olivier and Klasson, Lisa and Koriabine, Maxim and Kucukoglu, Melis and K{\"a}ller, Max and Luthman, Johannes and Lysholm, Fredrik and Niittyl{\"a}, Totte and Olson, {\AA}ke and Rilakovic, Nemanja and Ritland, Carol and Rossell{\'o}, Josep A. and Sena, Juliana and Svensson, Thomas and {Talavera-L{\'o}pez}, Carlos and Thei{\ss}en, G{\"u}nter and Tuominen, Hannele and Vanneste, Kevin and Wu, Zhi-Qiang and Zhang, Bo and Zerbe, Philipp and Arvestad, Lars and Bhalerao, Rishikesh and Bohlmann, Joerg and Bousquet, Jean and Garcia Gil, Rosario and Hvidsten, Torgeir R. and {de Jong}, Pieter and MacKay, John and Morgante, Michele and Ritland, Kermit and Sundberg, Bj{\"o}rn and Lee Thompson, Stacey and {Van de Peer}, Yves and Andersson, Bj{\"o}rn and Nilsson, Ove and Ingvarsson, P{\"a}r K. and Lundeberg, Joakim and Jansson, Stefan},
  year = {2013},
  month = may,
  journal = {Nature},
  volume = {497},
  number = {7451},
  pages = {579--584},
  publisher = {Nature Publishing Group},
}

@misc{ofhmain_2025,
    title = {Our Future Health}, 
    howpublished ={\url{https://ourfuturehealth.org.uk/}},
    year={2025},
    note = {Accessed: 2025-01-17}
}

@misc{ofhpubpolicy,
    title = {Our Future Health Publication policy}, 
    howpublished
        ={\url{https://a.storyblok.com/f/228028/x/f45d0da22a/our-future-health-publication-policy-version-1_4.pdf}},
    note = {Accessed: 2025-01-22}
}

@misc{ofhdatarelease9,
    title = {Our Future Health data release 9}, 
    howpublished={\url{https://ourfuturehealth.gitbook.io/our-future-health/data/data-releases/2024-data-releases/release-9}},
    year={2024},
    note = {Accessed: 2025-01-22}
}

@article{rivas2025efficient,
    title={Efficient storage and regression computation for population-scale
        genome sequencing studies},
    author={Rivas, Manuel A and Chang, Christopher},
    journal={Bioinformatics},
    pages={btaf067},
    year={2025},
    publisher={Oxford University Press}
}

@article{ruan2024image,
    title={Image processing tools for petabyte-scale light sheet microscopy data},
    author={Ruan, Xiongtao and Mueller, Matthew and Liu, Gaoxiang and G{\"o}rlitz, Frederik and Fu, Tian-Ming and Milkie, Daniel E and Lillvis, Joshua L and Kuhn, Alexander and Gan Chong, Johnny and Hong, Jason Li and others},
    journal={Nature Methods},
    pages={1--11},
    year={2024},
    publisher={Nature Publishing Group US New York}
}

@article{durner2023exploiting,
    title={Exploiting Cloud Object Storage for High-Performance Analytics},
    author={Durner, Dominik and Leis, Viktor and Neumann, Thomas},
    journal={Proceedings of the VLDB Endowment},
    volume={16},
    number={11},
    pages={2769--2782},
    year={2023},
    publisher={VLDB Endowment}
}


@article{hunt2024addressing,
    title={Addressing pandemic-wide systematic errors in the SARS-CoV-2
        phylogeny},
    author={Hunt, Martin and Hinrichs, Angie S and Anderson, Daniel and
        Karim, Lily and Dearlove, Bethany L and Knaggs, Jeff and
            Constantinides, Bede and Fowler, Philip W and Rodger, Gillian
            and Street, Teresa and others},
    journal={BioRxiv},
    year={2024}
}

@article{hinrichs2024ongoing,
    title={The ongoing evolution of UShER during the SARS-CoV-2 pandemic},
    author={Hinrichs, Angie and Ye, Cheng and Turakhia, Yatish and
        Corbett-Detig, Russell},
    journal={Nature Genetics},
    volume={56},
    number={1},
    pages={4--7},
    year={2024},
    publisher={Nature Publishing Group US New York}
}

@article{turakhia2021ultrafast,
    title={Ultrafast Sample placement on Existing tRees {(UShER)} enables
        real-time phylogenetics for the {SARS-CoV-2} pandemic},
    author={Turakhia, Yatish and Thornlow, Bryan and Hinrichs, Angie S and
        De Maio, Nicola and Gozashti, Landen and Lanfear, Robert and
            Haussler, David and Corbett-Detig, Russell},
    journal={Nature genetics},
    volume={53},
    number={6},
    pages={809--816},
    year={2021},
    publisher={Nature Publishing Group US New York}
}

@article{ye2022matoptimize,
    title={{matOptimize}: a parallel tree optimization method enables online
        phylogenetics for {SARS-CoV-2}},
    author={Ye, Cheng and Thornlow, Bryan and Hinrichs, Angie and Kramer,
        Alexander and Mirchandani, Cade and Torvi, Devika and Lanfear,
        Robert and Corbett-Detig, Russell and Turakhia, Yatish},
    journal={Bioinformatics},
    volume={38},
    number={15},
    pages={3734--3740},
    year={2022},
    publisher={Oxford University Press}
}

@article{zhan2023towards,
    title={Towards pandemic-scale ancestral recombination graphs of
        SARS-CoV-2},
    author={Zhan, Shing H and Ignatieva, Anastasia and Wong, Yan and Eaton,
        Katherine and Jeffery, Benjamin and Palmer, Duncan S and Murall,
        Carmen Lia and Otto, Sarah P and Kelleher, Jerome},
    journal={bioRxiv},
    year={2023},
    publisher={Cold Spring Harbor Laboratory}
}

@article{katoh2013mafft,
    title={{MAFFT} multiple sequence alignment software version 7: improvements
        in performance and usability},
    author={Katoh, Kazutaka and Standley, Daron M},
    journal={Molecular biology and evolution},
    volume={30},
    number={4},
    pages={772--780},
    year={2013},
    publisher={Society for Molecular Biology and Evolution}
}

@article{zhou2020scalable,
    title={Scalable generalized linear mixed model for region-based
        association tests in large biobanks and cohorts},
    author={Zhou, Wei and Zhao, Zhangchen and Nielsen, Jonas B and
        Fritsche, Lars G and LeFaive, Jonathon and Gagliano Taliun, Sarah A
            and Bi, Wenjian and Gabrielsen, Maiken E and Daly, Mark J and
            Neale, Benjamin M and others},
    journal={Nature genetics},
    volume={52},
    number={6},
    pages={634--639},
    year={2020},
    publisher={Nature Publishing Group US New York}
}

@article{tagami2024tstrait,
    title={tstrait: a quantitative trait simulator for ancestral
        recombination graphs},
    author={Tagami, Daiki and Bisschop, Gertjan and Kelleher, Jerome},
    journal={Bioinformatics},
    pages={btae334},
    year={2024},
    publisher={Oxford University Press}
}

@article{stovner2020pyranges,
    title={PyRanges: efficient comparison of genomic intervals in Python},
    author={Stovner, Endre Bakken and S{\ae}trom, P{\aa}l},
    journal={Bioinformatics},
    volume={36},
    number={3},
    pages={918--919},
    year={2020},
    publisher={Oxford University Press}
}


@misc{cupy,
    title = {CuPy},
    howpublished
        ={\url{https://cupy.dev}},
    note = {Accessed: 2025-01-23},
}

@misc{kvikio,
    title = {KvikIO},
    howpublished
        ={\url{https://docs.rapids.ai/api/kvikio/stable/}},
    note = {Accessed: 2025-01-23},
}

@article{schartl_GenomesAllLungfish_2024,
	title = {The genomes of all lungfish inform on genome expansion and tetrapod evolution},
	author = {Schartl, Manfred and Woltering, Joost M. and Irisarri, Iker and Du, Kang and Kneitz, Susanne and Pippel, Martin and Brown, Thomas and Franchini, Paolo and Li, Jing and Li, Ming and Adolfi, Mateus and Winkler, Sylke and de Freitas Sousa, Josane and Chen, Zhuoxin and Jacinto, Sandra and Kvon, Evgeny Z. and Correa de Oliveira, Luis Rogério and Monteiro, Erika and Baia Amaral, Danielson and Burmester, Thorsten and Chalopin, Domitille and Suh, Alexander and Myers, Eugene and Simakov, Oleg and Schneider, Igor and Meyer, Axel},
	journal = {Nature},
        volume = {634},
	number = {8032},
	pages = {96--103},
	year = {2024},
}

@article{stone2007accelerating,
    title={Accelerating molecular modeling applications with graphics
        processors},
    author={Stone, John E and Phillips, James C and Freddolino, Peter L and
        Hardy, David J and Trabuco, Leonardo G and Schulten, Klaus},
    journal={Journal of computational chemistry},
    volume={28},
    number={16},
    pages={2618--2640},
    year={2007},
    publisher={Wiley Online Library}
}

@article{owens2008gpu,
    title={{GPU} computing},
    author={Owens, John D and Houston, Mike and Luebke, David and Green,
        Simon and Stone, John E and Phillips, James C},
    journal={Proceedings of the IEEE},
    volume={96},
    number={5},
    pages={879--899},
    year={2008},
    publisher={IEEE}
}

@inproceedings{okuta2017cupy,
    title={{CuPy}: A numpy-compatible library for {Nvidia} {GPU} calculations},
    title={Cupy: A numpy-compatible library for nvidia gpu calculations},
    author={Okuta, Ryosuke and Unno, Yuya and Nishino, Daisuke and Hido,
        Shohei and Loomis, Crissman},
    booktitle={Proceedings of workshop on machine learning systems
        (LearningSys) in the thirty-first annual conference on neural
            information processing systems (NIPS)},
    volume={6},
    year={2017}
}


@article{mittal2014survey,
    title={A survey of methods for analyzing and improving GPU energy
        efficiency},
    author={Mittal, Sparsh and Vetter, Jeffrey S},
    journal={ACM Computing Surveys (CSUR)},
    volume={47},
    number={2},
    pages={1--23},
    year={2014},
    publisher={ACM New York, NY, USA}
}

@article{lecun2015deep,
    title={Deep learning},
    author={LeCun, Yann and Bengio, Yoshua and Hinton, Geoffrey},
    journal={nature},
    volume={521},
    number={7553},
    pages={436--444},
    year={2015},
    publisher={Nature Publishing Group UK London}
}

@article{klockner2012pycuda,
    title={{PyCUDA} and {PyOpenCL}: A scripting-based approach to {GPU} run-time
        code generation},
    author={Kl{\"o}ckner, Andreas and Pinto, Nicolas and Lee, Yunsup and
        Catanzaro, Bryan and Ivanov, Paul and Fasih, Ahmed},
    journal={Parallel Computing},
    volume={38},
    number={3},
    pages={157--174},
    year={2012},
    publisher={Elsevier}
}

@article{nickolls2010gpu,
    title={The {GPU} computing era},
    author={Nickolls, John and Dally, William J},
    journal={IEEE micro},
    volume={30},
    number={2},
    pages={56--69},
    year={2010},
    publisher={IEEE}
}

@misc{s3-performance-optimising,
    title = {Best practices design patterns: optimizing {Amazon} {S3} performance},
    howpublished
        ={\url{https://docs.aws.amazon.com/AmazonS3/latest/userguide/optimizing-performance.html}},
    note = {Accessed: 2025-01-26},
}

@misc{s3-pricing,
    title = {Amazon S3 pricing},
    howpublished
        ={\url{https://aws.amazon.com/s3/pricing/}},
    note = {Accessed: 2025-01-31},
}

@misc{ec2-pricing,
    title = {Amazon EC2 On-Demand Pricing},
    howpublished
        ={\url{https://aws.amazon.com/ec2/pricing/on-demand/}},
    note = {Accessed: 2025-01-31},
}


@article{cook2025our,
    title={{Our Future Health}: a unique global resource for discovery and translational research},
    author={Cook, Michael B. and Sanderson, Saskia C. and Deanfield, John E. and 
        Reddington, Fiona and Roddam, Andrew and Hunter, David J. and Ali, Raghib},
    journal={Nature Medicine},
    number={31},
    pages={728--730},
    year={2025},
    publisher={Nature Publishing Group UK London},
    doi={10.1038/s41591-024-03438-0},
}

@article{stark2024call,
    title={A call to action to scale up research and clinical genomic data
        sharing},
    author={Stark, Zornitza and Glazer, David and Hofmann, Oliver and
        Rendon, Augusto and Marshall, Christian R and Ginsburg, Geoffrey S
            and Lunt, Chris and Allen, Naomi and Effingham, Mark and
            Hastings Ward, Jillian and others},
    journal={Nature Reviews Genetics},
    pages={1--7},
    year={2024},
    publisher={Nature Publishing Group UK London}
}

@misc{vcf4_5,
    title = {VCF 4.5},
    howpublished
        ={\url{https://samtools.github.io/hts-specs/VCFv4.5.pdf}},
    note = {Accessed: 2025-01-28},
}

@article{cornish1985nomenclature,
    title={Nomenclature for incompletely specified bases in nucleic acid
        sequences: recommendations 1984.},
    author={Cornish-Bowden, Athel},
    journal={Nucleic acids research},
    volume={13},
    number={9},
    pages={3021},
    year={1985},
    publisher={Oxford University Press}
}

@article{shirley2015efficient,
    title={Efficient ‘pythonic’ access to {FASTA} files using pyfaidx}, 
    journal={PeerJ PrePrints},
    author={Shirley, MD and Ma, Z and Pedersen, BS and Wheelan, SJ},
    year={2015}
}

@misc{pysam,
    title = {pysam: htslib interface for python},
    howpublished
        ={\url{https://github.com/pysam-developers/pysam}},
    note = {Accessed: 2025-01-30},
}

@misc{orbax-tensorstore,
    title = {Optimized Checkpointing with Tensorstore},
    howpublished
        ={\url{https://orbax.readthedocs.io/en/latest/guides/checkpoint/optimized_checkpointing.html}},
    note = {Accessed: 2025-01-30},
}

@misc{tensorflow2015-whitepaper,
    title={ {TensorFlow}: Large-Scale Machine Learning on Heterogeneous
        Systems},
    url={https://www.tensorflow.org/},
    note={Software available from tensorflow.org},
    author={
        Mart\'{i}n~Abadi and
            Ashish~Agarwal and
            Paul~Barham and
            Eugene~Brevdo and
            Zhifeng~Chen and
            Craig~Citro and
            Greg~S.~Corrado and
            Andy~Davis and
            Jeffrey~Dean and
            Matthieu~Devin and
            Sanjay~Ghemawat and
            Ian~Goodfellow and
            Andrew~Harp and
            Geoffrey~Irving
            and
            Michael~Isard
            and
            Yangqing
            Jia
            and
            Rafal~Jozefowicz
            and
            Lukasz~Kaiser
            and
            Manjunath~Kudlur
            and
            Josh~Levenberg
            and
            Dandelion~Man\'{e}
        and
            Rajat~Monga and
            Sherry~Moore and
            Derek~Murray and
            Chris~Olah and
            Mike~Schuster and
            Jonathon~Shlens and
            Benoit~Steiner and
            Ilya~Sutskever and
            Kunal~Talwar and
            Paul~Tucker and
            Vincent~Vanhoucke
            and
            Vijay~Vasudevan
            and
            Fernanda~Vi\'{e}gas
            and
            Oriol~Vinyals
            and
            Pete~Warden
            and
            Martin~Wattenberg
            and
            Martin~Wicke
            and
            Yuan~Yu
            and
            Xiaoqiang~Zheng},
    year={2015},
}

@article{luo2024gsc,
    title={{GSC}: efficient lossless compression of {VCF} files with fast query},
    author={Luo, Xiaolong and Chen, Yuxin and Liu, Ling and Ding, Lulu and
        Li, Yuxiang and Li, Shengkang and Zhang, Yong and Zhu, Zexuan},
    journal={GigaScience},
    volume={13},
    pages={giae046},
    year={2024},
    publisher={Oxford University Press}
}


@article{jumper2021highly,
    title={Highly accurate protein structure prediction with AlphaFold},
    author={Jumper, John and Evans, Richard and Pritzel, Alexander and
        Green, Tim and Figurnov, Michael and Ronneberger, Olaf and
            Tunyasuvunakool, Kathryn and Bates, Russ and {\v{Z}}{\'\i}dek,
        Augustin and Potapenko, Anna and others},
    journal={nature},
    volume={596},
    number={7873},
    pages={583--589},
    year={2021},
    publisher={Nature Publishing Group}
}

@article{merchant2023scaling,
    title={Scaling deep learning for materials discovery},
    author={Merchant, Amil and Batzner, Simon and Schoenholz, Samuel S and
        Aykol, Muratahan and Cheon, Gowoon and Cubuk, Ekin Dogus},
    journal={Nature},
    volume={624},
    number={7990},
    pages={80--85},
    year={2023},
    publisher={Nature Publishing Group UK London}
}

@article{pandey2022transformational,
    title={The transformational role of GPU computing and deep learning in
        drug discovery},
    author={Pandey, Mohit and Fernandez, Michael and Gentile, Francesco and
        Isayev, Olexandr and Tropsha, Alexander and Stern, Abraham C and
            Cherkasov, Artem},
    journal={Nature Machine Intelligence},
    volume={4},
    number={3},
    pages={211--221},
    year={2022},
    publisher={Nature Publishing Group UK London}
}

@article{scikit-learn,
    title={Scikit-learn: Machine Learning in {P}ython},
    author={Pedregosa, F. and Varoquaux, G. and Gramfort, A. and Michel, V.
        and Thirion, B. and Grisel, O. and Blondel, M. and
            Prettenhofer, P.
            and Weiss, R. and Dubourg, V. and
            Vanderplas, J. and Passos, A. and
            Cournapeau, D. and Brucher, M.
            and Perrot, M. and Duchesnay,
        E.},
    journal={Journal of Machine Learning Research},
    volume={12},
    pages={2825--2830},
    year={2011}
}

@article{paszke2019pytorch,
    title={Pytorch: An imperative style, high-performance deep learning
        library},
    author={Paszke, Adam and Gross, Sam and Massa, Francisco and Lerer,
        Adam and Bradbury, James and Chanan, Gregory and Killeen, Trevor
            and Lin, Zeming and Gimelshein, Natalia and Antiga, Luca and
            others},
    journal={Advances in neural information processing systems},
    volume={32},
    year={2019}
}

@misc{caulfield2017national,
    author = "Mark Caulfield and Jim Davies and Martin Dennys and Leila Elbahy and Tom Fowler and Sue Hill and Tim Hubbard and Luke Jostins and Nick Maltby and Jeanna Mahon-Pearson and Gil McVean and Katrina Nevin-Ridley and Matthew Parker and Vivienne Parry and Augusto Rendon and Laura Riley and Clare Turnbull and Kerrie Woods",
    title = "{National Genomic Research Library v5.1, Genomics England}",
    year = "2017",
    url = "https://doi.org/10.6084/m9.figshare.4530893.v7"
}

@misc{kelleher2025viridian,
    author = "Jerome Kelleher and Shing Hei Zhan and Ben Jeffery",
    title = "{Viridian consensus sequences and metadata (2024-10-14, batch 1 +
        2), aligned with MAFFT and converted to VCF Zarr format}",
    year = "2025",
    month = "2",
    url =
    "https://figshare.com/articles/dataset/Viridian_consensus_sequences_and_metadata_2024-10-14_batch_1_2_aligned_with_MAFFT_and_converted_to_VCF_Zarr_format/28360031",
    doi = "10.6084/m9.figshare.28360031.v2"
}

@article{zabad2025towards,
    title={Towards whole-genome inference of polygenic scores with fast and memory-efficient algorithms},
    author={Zabad, Shadi and Haryan, Chirayu Anant and Gravel, Simon and Misra, Sanchit and Li, Yue},
    journal={bioRxiv},
    pages={2025--01},
    year={2025},
    publisher={Cold Spring Harbor Laboratory}
}


@misc{vcfzarr-spec-swh,
    author = {Czech, Eric and Tyler, Will and
        White, Tom and Jeffery, Ben and Millar, Timothy R. and 
        Elsworth, Benjamin and Guez, J{\'e}r{\'e}my and Hancox,
        Jonny and  Karczewski, Konrad J. and Miles, Alistair
            and Tallman, Sam and Unneberg, Per and Wojdyla, Rafal and Zabad,
        Shadi and Hammerbacher, Jeff and Kelleher, Jerome},
    title = {VCF Zarr Specification (Version 1). [Computer software] Software
        Heritage},
    year = {2025},
    url = {https://archive.softwareheritage.org/swh:1:snp:9f25395ea05afd4fc29912dcbf0e21d879f5cfee}
}

@misc{vcfzarr-pub-swh,
    author = {Czech, Eric and Tyler, Will and
        White, Tom and Jeffery, Ben and Millar, Timothy R. and 
        Elsworth, Benjamin and Guez, J{\'e}r{\'e}my and Hancox,
        Jonny and  Karczewski, Konrad J. and Miles, Alistair
            and Tallman, Sam and Unneberg, Per and Wojdyla, Rafal and Zabad,
        Shadi and Hammerbacher, Jeff and Kelleher, Jerome},
    title = {VCF Zarr Publication (Version 1). [Computer software]. Software
        Heritage},
    year = {2025},
    url =
    {https://archive.softwareheritage.org/swh:1:snp:da8d16ddcf9ee9ede198001414fe15e18eb4042f}
}

@misc{bio2zarr-swh,
    author = {Czech, Eric and Tyler, Will and
        White, Tom and Jeffery, Ben and Millar, Timothy R. and 
        Elsworth, Benjamin and Guez, J{\'e}r{\'e}my and Hancox,
        Jonny and  Karczewski, Konrad J. and Miles, Alistair
            and Tallman, Sam and Unneberg, Per and Wojdyla, Rafal and Zabad,
        Shadi and Hammerbacher, Jeff and Kelleher, Jerome},
    title = {Bio2zarr: Convert bioinformatics file formats to Zarr (Version 1). [Computer software]. 
          Software Heritage},
    year = {2025},
    url = {https://archive.softwareheritage.org/swh:1:snp:367cd22bac0e7120869f081f3a216caa9fe4af1d}
}

@misc{saige-vcz-swh,
    author = {Czech, Eric and Tyler, Will and
        White, Tom and Jeffery, Ben and Millar, Timothy R. and 
        Elsworth, Benjamin and Guez, J{\'e}r{\'e}my and Hancox,
        Jonny and  Karczewski, Konrad J. and Miles, Alistair
            and Tallman, Sam and Unneberg, Per and Wojdyla, Rafal and Zabad,
        Shadi and Hammerbacher, Jeff and Kelleher, Jerome},
    title = {SAIGE-VCZ: SAIGE extension that supports VCF Zarr (Version 1). [Computer software]. Software Heritage},
    year = {2025},
    url = {https://archive.softwareheritage.org/swh:1:snp:b868873e7e5dec417459cdf74de95647deb15167}
}

@misc{vcztools-swh,
    author = {Czech, Eric and Tyler, Will and
        White, Tom and Jeffery, Ben and Millar, Timothy R. and 
        Elsworth, Benjamin and Guez, J{\'e}r{\'e}my and Hancox,
        Jonny and  Karczewski, Konrad J. and Miles, Alistair
            and Tallman, Sam and Unneberg, Per and Wojdyla, Rafal and Zabad,
        Shadi and Hammerbacher, Jeff and Kelleher, Jerome},
    title = {Vcztools: Partial reimplementation of bcftools for VCF Zarr (Version 1). [Computer software]. Software Heritage},
    year = {2025},
    url =
    {https://archive.softwareheritage.org/swh:1:snp:bdf1771ddb19144626df61a74cbe1e6fcdc634bc}
}


@misc{gel-aggv2,
    title = {Genomics England Research Environment User Guide: Aggregated Variant Calls},
    howpublished
        ={\url{https://re-docs.genomicsengland.co.uk/aggv2/}},
    note = {Accessed: 2025-04-01},
}

@misc{ofh-apply-for-access,
    title = {Our Future Health: Apply to access the data},
    howpublished
        ={\url{https://research.ourfuturehealth.org.uk/apply-to-access-the-data/}},
    note = {Accessed: 2025-04-01},
}

@misc{aou-cdrv7,
    title = {All of Us CDRv7},
    howpublished
        ={\url{https://support.researchallofus.org/hc/en-us/articles/4616869437204-Controlled-CDR-Directory-Archived-C2022Q4R13-CDRv7}},
    note = {Accessed: 2025-04-01},
}

@misc{plantgenie,
    title = {PlantGenIE},
    howpublished ={\url{https://plantgenie.org/}},
    note = {Accessed: 2025-04-01},
}

@misc{gel-join,
    title = {Genomics England: Join the Research Network},
    howpublished ={\url{https://www.genomicsengland.co.uk/join-us}},
    note = {Accessed: 2025-04-01},
}

@misc{aou-apply,
    title = {All of Us: How to Register},
    howpublished ={\url{https://www.researchallofus.org/register/}},
    note = {Accessed: 2025-04-01},
}



